1981 3248
792 159 1067 192 AUGUSTUS.

99 238 143 284 (1
167 235 407 288 Assnmptio
428 236 490 275 M
486 236 596 276 (trice
616 234 806 288 vilginz's
820 236 897 275 du-

145 294 248 346 plex
285 294 428 334 maias
466 299 508 334 et
539 293 664 334 habet
701 294 897 334 effingam

155 352 195 391 A
204 351 238 391 d
254 351 452 403 vesperas.

390 440 604 492 Hymnus.

155 527 258 568 Aue
281 527 411 567 maris
434 526 584 567 stella¹.

420 645 581 686 Oratio.

104 719 447 802 FAmulorum
500 726 678 760 tuorum
732 719 899 772 quaesu-

195 792 291 818 mus
312 778 491 818 domine
509 776 680 817 delictis
704 777 897 829 ignosce:

98 841 147 876 vt
186 836 261 888 qui
302 836 382 875 tibi
425 835 600 887 placere
636 836 693 875 de
729 832 899 875 aestibus

99 893 252 934 nostris
285 907 374 933 non
406 892 604 933 valemus
636 906 644 933 :
676 893 899 945 genitricis

99 951 174 1003 filij
219 951 282 991 tui
319 951 487 991 domini
527 950 658 990 nostri
698 950 899 990 interces-

98 1009 215 1049 sione
238 1009 454 1049 saluemur
477 1024 484 1048 :
506 1022 585 1061 per
606 1008 807 1049 eundem.

100 1129 144 1174 Π
167 1125 250 1166 Ad
273 1126 537 1166 772al2t2‘2'722t7lz
564 1125 898 1167 z'7mi2‘a2‘07fill1722.

156 1200 319 1240 Venite
328 1201 562 1240 adoremus
571 1213 718 1252 regem
735 1214 901 1253 regum,

100 1258 221 1298 cuius
236 1259 359 1311 virgo
377 1264 519 1298 mater
534 1257 667 1298 hodie
682 1258 900 1311 assumpta

101 1315 161 1356 est
183 1316 238 1356 ad
262 1315 436 1356 coelum.

395 1422 611 1474 [symma.

161 1496 200 1538 O
224 1496 410 1550 gloriosa
432 1496 625 1537 domina.

156 1614 298 1656 Leffc’io
321 1615 449 1656 tertia
471 1614 724 1666 exsermone
745 1614 857 1655 beati

388 1672 621 1713 Bemmrdi.

193 1746 296 1799 Irgo
324 1745 456 1785 hodie
478 1745 664 1797 gloriosa
687 1744 816 1785 caelos
840 1745 902 1784 as-

207 1804 399 1844 cendens
419 1803 723 1855 :supernorum
737 1803 901 1855 gaudia

103 1861 265 1902 ciuium
295 1874 303 1901 z
329 1861 511 1913 copiosis
542 1860 629 1900 sine
660 1860 796 1900 dubio
828 1874 902 1900 cu-

103 1919 290 1959 mulauit
340 1919 600 1971 augmentis.
678 1919 790 1958 Haec
842 1918 902 1958 est

104 1978 221 2017 enim
264 1977 385 2016 cuius
423 1976 694 2015 salutationis
730 1990 821 2016 vox
858 1982 902 2016 et

103 2035 216 2088 ipsos
256 2034 455 2074 exultare
497 2033 601 2073 facit
642 2034 685 2073 in
726 2033 901 2086 gaudio,

105 2106 214 2144 quos
276 2097 477 2131 materna
535 2091 680 2131 adhuc
741 2091 902 2131 viscera

104 2149 315 2189 claudunt
353 2148 483 2201 Quod
522 2149 550 2188 si
591 2148 762 2201 paruuli
802 2162 903 2188 nec-

106 2208 211 2247 dum
234 2206 326 2246 nati
349 2207 497 2246 anima
518 2204 752 2258 liquefatffta
775 2205 834 2245 est
856 2211 903 2245 vt

106 2264 243 2304 maria
271 2263 419 2303 locuta
448 2263 507 2303 est
530 2277 537 2302 ε
560 2263 665 2315 quid
695 2269 903 2315 putamus

106 2334 312 2375 quaenam
366 2321 439 2360 illa
490 2320 617 2360 fuerit
663 2320 902 2360 coelestium

107 2379 324 2419 exultatio
364 2391 371 2418 :
410 2391 509 2418 cum
552 2383 594 2418 et
630 2391 784 2418 vocem
828 2391 903 2417 au-

106 2438 213 2487 dire,
236 2442 279 2476 et
301 2436 448 2476 videre
471 2435 625 2475 faciem
652 2449 660 2475 :
683 2441 726 2475 et
753 2433 904 2475 beata³

107 2495 199 2535 eius
237 2493 316 2533 frui
355 2493 584 2546 praesentia
621 2493 903 2532 meruerunt?

108 2551 249 2591 Nobis
294 2564 397 2591 vero
438 2551 678 2601 charissimi,
719 2564 818 2603 quae
861 2551 903 2589 in

107 2610 198 2649 eius
221 2608 511 2660 assumptione
541 2607 810 2648 solennitatis
833 2621 904 2647 oc-

107 2666 241 2706 caslo?
273 2680 372 2719 quae
402 2664 547 2705 causa⁴
576 2665 773 2705 laetitiae?
805 2679 904 2718 quae

108 2724 291 2764 materia
304 2723 592 2776 gaudiorum?
626 2723 779 2763 Mariae
795 2736 904 2776 prze-

178 2864 185 2884 ¹
215 2869 282 2897 etc.
299 2862 380 2896 add.
393 2863 434 2896 R.
448 2864 483 2896 P.
513 2862 831 2896 etc.f‹›.v1ti:add.
848 2863 890 2896 A.

178 2911 192 2931 ²
217 2910 276 2944 die
299 2917 334 2952 15
356 2910 396 2943 in
416 2921 459 2942 m.

177 2958 190 2979 3
215 2958 363 2991 beatam
389 2957 455 2989 ;Α.

1686 159 1764 200 149

966 235 1101 275 sentia
1123 239 1243 275 totus
1266 234 1502 276 illustratur
1519 236 1634 277 orbis
1652 239 1763 278 adeo

965 299 1012 332 vt
1030 293 1120 345 ipsa
1137 293 1224 332 iam
1243 293 1427 333 coelestis
1450 295 1590 346 patria
1609 294 1764 335 clarius

967 350 1115 390 rutilet
1154 351 1363 403 virgineae
1406 351 1623 403 lampadis
1662 353 1765 392 irra-

967 408 1088 448 diata
1129 407 1309 460 fulgore.
1376 408 1537 448 Merito
1579 410 1764 462 proinde

967 465 1138 505 resonat
1194 466 1237 504 in
1290 466 1470 505 excelsis
1523 467 1763 518 gratiarum

967 521 1082 563 afflo
1112 529 1155 563 et
1183 537 1273 563 vox
1305 523 1456 564 laudis.
1520 523 1608 564 Sed
1642 525 1762 577 plan-

967 581 1161 633 gendum
1181 581 1308 621 nobis
1326 581 1471 634 potius
1489 595 1620 634 quam
1642 582 1764 635 plau-

966 639 1161 678 dendum
1186 638 1268 678 esse
1289 639 1470 679 videtur.
1535 639 1762 692 Quantum

967 697 1083 736 enim
1119 697 1174 736 de
1210 696 1302 736 eius
1339 696 1570 749 praesentia
1603 697 1763 738 coelum

967 753 1162 794 exultat:
1178 755 1375 806 nunquid
1393 768 1479 794 non
1497 755 1763 808 consequens

967 811 1027 851 est
1058 818 1106 852 vt
1137 817 1310 851 tantum
1344 811 1493 864 lugeat
1524 812 1594 852 hic
1624 813 1766 853 noster

967 868 1144 909 inferior
1164 870 1365 918 mundus,
1386 871 1477 910 eius
1497 870 1765 911 absentiam?

968 927 1109 967 Cesset
1127 933 1275 967 tamen
1291 927 1468 980 querela
1482 928 1646 968 nostra:
1662 930 1765 981 quia

966 998 1046 1024 nec
1065 985 1192 1024 nobis
1210 985 1279 1024 hic
1297 985 1357 1025 est
1379 998 1561 1025 manens
1580 987 1735 1027 ciuitas
1757 1001 1765 1027 :

968 1042 1039 1082 secl
1078 1041 1199 1082 eam5
1232 1043 1490 1095 inquirimus
1533 1045 1587 1083 acl
1630 1058 1764 1097 quam

968 1100 1099 1140 hodie
1127 1100 1270 1140 Maria
1298 1099 1531 1141 benediffita
1554 1103 1764 1154 peruenit.

970 1158 1021 1197 In
1054 1172 1187 1211 quarn
1225 1158 1253 1198 s1
1285 1158 1514 1211 conscripti
1547 1160 1664 1200 ciues
1702 1161 1766 1199 su-

970 1229 1066 1255 mus
1093 1229 1100 1255 :
1123 1216 1305 1268 dignum
1330 1215 1526 1269 profefflo
1549 1217 1608 1257 est
1632 1218 1764 1258 etiarn

969 1274 1012 1313 in
1046 1273 1181 1313 exilio
1217 1287 1225 1313 :
1257 1274 1388 1314 etiam
1424 1274 1548 1327 super
1584 1275 1766 1316 flumina

971 1330 1212 1383 Babylonis
1255 1332 1345 1371 eius
1387 1346 1466 1372 nos
1504 1334 1719 1373 recordari
1759 1349 1766 1373 ς

970 1389 1063 1428 eius
1089 1390 1414 1429 communicare
1442 1390 1617 1443 gaudijs
1643 1404 1650 1431 :
1674 1392 1767 1431 eius

970 1447 1233 1499 participare
1269 1447 1468 1487 laetitiam
1505 1463 1514 1487 :
1550 1449 1766 1489 maxime-

970 1518 1055 1556 que
1087 1518 1184 1544 eam
1217 1519 1316 1557 quae
1350 1511 1441 1544 tam
1475 1506 1649 1558 copioso
1687 1507 1766 1546 im-

969 1568 1074 1614 petu
1124 1562 1318 1603 laetificat
1365 1562 1499 1603 hoclie
1542 1564 1767 1604 ciuitatem

970 1620 1040 1659 dei
1060 1626 1127 1660 :vt
1146 1620 1381 1660 sentiamus
1399 1626 1443 1660 et
1460 1621 1534 1673 ipsi
1552 1621 1767 1662 stillicidia

970 1677 1175 1717 stillantia
1193 1678 1318 1730 super
1339 1683 1511 1719 terram.
1555 1679 1768 1719 Praecessit

969 1748 1049 1774 nos
1090 1735 1241 1788 regina
1282 1735 1425 1775 nostra
1466 1737 1687 1789 praecessit,
1724 1743 1768 1778 et

969 1799 1060 1833 tam
1080 1793 1276 1845 gloriosae
1296 1793 1489 1846 suscepta
1507 1794 1577 1842 est,
1593 1800 1640 1834 vt
1658 1794 1768 1835 fidu-

969 1850 1137 1890 cialiter
1168 1851 1402 1903 sequantur
1429 1852 1656 1892 domin-arn
1688 1852 1768 1892 ser-

969 1908 1058 1948 uuli
1092 1908 1346 1958 clamantes,
1380 1909 1527 1949 Trahe
1560 1923 1641 1949 nos
1673 1910 1768 1963 post

969 1972 1014 2006 te
1043 1981 1050 2006 z
1080 1966 1122 2005 in
1153 1967 1288 2006 odore
1315 1972 1639 2019 vnguentorum
1673 1974 1768 2008 tuo-

969 2037 1064 2064 rum
1083 2037 1315 2065 curremus.
1356 2024 1639 2064 Aduocatam
1659 2039 1767 2077 prae-

971 2082 1081 2121 misit
1129 2082 1423 2134 peregrinatio
1472 2082 1626 2130 nostra,
1669 2097 1768 2135 quae

970 2144 1182 2191 tanquam
1201 2139 1355 2179 iudicis
1374 2145 1514 2179 mater
1537 2153 1545 2180 ε
1568 2146 1610 2180 et
1629 2147 1770 2181 mater

971 2197 1273 2236 misericordiae
1293 2196 1543 2249 suppliciter
1559 2203 1603 2237 et
1626 2198 1769 2238 effica-

971 2255 1077 2294 citer
1103 2253 1250 2294 salutis
1278 2254 1432 2294 nostrae
1462 2255 1646 2307 negocia
1674 2269 1771 2309 per-

971 2310 1187 2351 trastabit.

972 2419 1015 2464 61
1031 2417 1282 2457 Bernardns
1298 2416 1429 2456 abbas
1444 2416 1598 2469 duplat*
1615 2418 1769 2461 minus.

1202 2474 1346 2514 Lefffz'o
1379 2475 1504 2514 tertia
1515 2475 1536 2515 Β.

1056 2549 1279 2588 Ernardus
1299 2548 1512 2588 Fontanis
1530 2551 1663 2602 (quod
1682 2552 1770 2591 cas-

1083 2606 1237 2646 tellum
1288 2605 1347 2646 est
1399 2607 1441 2645 in
1496 2607 1767 2662 Burgundia)

974 2664 1162 2703 honestis
1200 2663 1455 2716 parentibus
1493 2671 1622 2705 natus
1660 2671 1772 2706 tem-

974 2735 1078 2774 pore
1121 2720 1310 2774 Eugenij
1354 2735 1482 2775 papae
1518 2723 1632 2776 tertij
1676 2730 1767 2764 tam

1045 2860 1055 2881 '¹
1082 2872 1165 2895 eam
1188 2872 1194 2894 :
1218 2861 1254 2895 P.

1044 2908 1056 2926 '⁷‘
1083 2919 1164 2941 eam
1189 2921 1195 2942 :
1215 2919 1282 2942 om.
1306 2909 1342 2941 P.

1045 2955 1057 2973 ⁴⁵
1084 2954 1141 2989 die
1163 2964 1205 2987 zo
1224 2956 1262 2987 sn
1283 2967 1326 2988 m.
