1981 3248
172 153 223 194 14
700 157 853 190 FERIA
885 158 962 201 .Vs.
995 158 1068 189 AD
1098 158 1312 192 LAUDES.

228 235 313 275 Pro
364 234 597 288 iniquitate
641 235 753 276 vidi-
780 237 973 278 tentoria

170 292 394 346 aethiopiae
440 308 448 334 :
488 293 789 335 turbabuntur
832 295 973 349 pelles

171 357 298 392 terrae
322 351 514 392 madian.

229 409 444 462 Nunquid
482 410 525 450 in
555 409 809 450 fluminibus
839 410 974 451 iratus

171 480 217 507 es
251 466 464 508 domine?
515 473 591 508 aut
633 467 676 508 in
720 467 974 509 fluminibus

170 524 289 565 furor
324 524 456 566 tuus?
497 525 567 567 vel
603 525 647 566 in
684 526 794 567 mari
831 527 975 581 indig-

171 583 293 623 natio
315 582 422 623 tua?

231 640 317 693 Qui
334 640 540 682 ascendes
555 641 680 695 super
693 656 830 695 equos
848 648 948 683 tuos
966 657 976 684 :

171 704 216 740 et
237 699 465 751 quadrigae
487 706 575 740 tuae
599 700 812 741 saluatio?

230 756 454 798 Suscitans
477 757 697 798 suscitabis
727 772 876 799 arcum
905 763 974 799 tu-

170 828 245 854 um
286 829 294 855 ε
335 815 582 856 iuramenta
623 816 834 866 tribubus,
873 830 973 870 quae

171 872 344 913 locutus
367 886 424 914 es.

231 931 411 971 Fluuios
446 930 614 972 scindes
648 937 776 972 terrae
816 932 972 973 :vide-

171 995 274 1029 runt
311 995 366 1037 te,
401 995 445 1029 et
481 989 718 1030 doluerunt
755 998 930 1031 montes
965 1005 973 1031 ε

170 1060 332 1099 gurges
355 1060 568 1100 aquarum
591 1047 767 1101 tranfijt.

231 1105 368 1144 Dedit
405 1105 579 1158 abyssus
616 1119 770 1146 vocem
808 1106 929 1147 suam
967 1122 975 1147 :

170 1162 359 1203 altitudo
384 1177 539 1203 manus
564 1163 658 1203 suas
681 1163 856 1204 leuauit.

230 1220 319 1268 Sol,
342 1227 385 1261 et
408 1221 511 1261 luna
540 1221 750 1262 steterunt
780 1223 822 1261 in
851 1222 975 1263 habi·

170 1278 319 1318 taculo
353 1278 427 1318 suo
463 1292 471 1320 ε
508 1279 551 1319 in
589 1279 684 1319 luce
718 1279 973 1332 sagittarum

170 1342 346 1376 tuarum
382 1337 520 1384 ibunt,
554 1337 596 1377 in
631 1337 860 1391 splendore
894 1338 974 1379 ful-

169 1395 367 1447 gurantis
390 1394 522 1435 hastae
544 1401 644 1436 tuae.

231 1453 282 1492 In
298 1452 473 1493 fremitu
489 1453 769 1494 conculcabis
787 1460 973 1496 terram:

170 1516 214 1551 et
237 1511 279 1550 in
304 1510 446 1551 furore
468 1511 786 1565 obstupefacies
804 1519 971 1566 gentes.

231 1569 434 1621 Egressus
457 1583 502 1609 es
532 1570 574 1609 in
605 1569 787 1610 salutem
818 1571 971 1624 populi

170 1627 246 1676 tui,
270 1627 314 1667 in
337 1627 519 1668 salutem
543 1642 642 1668 cum
666 1628 823 1669 christo
845 1635 933 1670 tuo.

231 1685 466 1725 Percussisti
489 1693 623 1739 caput
645 1686 700 1726 de
725 1687 861 1727 domo
891 1687 972 1727 im-

170 1743 229 1796 pij
251 1759 258 1783 :
276 1743 505 1784 denudasti
524 1744 865 1786 fundamentum
881 1746 973 1786 eius

171 1801 304 1854 Vsque
327 1801 382 1841 ad
406 1801 581 1843 collum.

228 1858 498 1899 Maledixisti
521 1859 698 1913 sceptris
717 1860 820 1909 eius,
836 1861 971 1914 capiti

170 1917 434 1957 bellatorum
465 1918 556 1958 eius
587 1919 904 1969 :venientibus‚
926 1926 973 1960 vt

172 1975 314 2025 turbo,
337 1975 393 2015 ad
417 1975 757 2029 dispergendum
781 1990 866 2017 me.

229 2033 463 2074 Exultatio
496 2047 660 2083 eorum,
694 2034 800 2075 sicut
834 2035 925 2075 eius
962 2050 970 2076 :

171 2091 245 2143 qui
268 2092 453 2132 deuorat
474 2105 714 2145 pauperem
733 2093 776 2132 in
793 2092 974 2134 abscon-

174 2150 280 2189 dito.

228 2207 360 2247 Viam
380 2207 512 2247 fecisti
532 2208 573 2248 in
594 2208 701 2248 mari
720 2208 843 2262 equis
861 2209 947 2250 tuis
966 2224 974 2250 :

172 2265 216 2305 in
239 2265 332 2306 luto
354 2278 568 2318 aquarum
593 2267 841 2307 multarum.

230 2323 412 2372 Audiui,
427 2329 470 2364 et
488 2325 776 2365 conturbatus
795 2324 854 2365 est
869 2339 974 2365 ven-

171 2388 237 2422 ter
259 2395 382 2421 meus
409 2397 417 2422 2
439 2379 464 2422 a
485 2395 593 2423 voce
610 2389 973 2424 contremuerunt

171 2440 287 2481 labia
310 2453 421 2481 mea.

232 2497 512 2550 Ingrediatur
532 2498 721 2551 putredo
744 2498 786 2538 in
814 2499 972 2539 osfibus

174 2555 295 2605 meis,
317 2561 361 2596 et
384 2554 529 2595 subter
550 2569 621 2596 me
644 2555 817 2597 scateat.

229 2613 291 2654 Vt
320 2612 586 2666 requiescam
617 2614 660 2654 in
691 2615 761 2655 die
793 2614 973 2655 tribula-

171 2671 305 2712 tionis
327 2686 335 2710 :
357 2677 404 2711 vt
425 2670 657 2711 ascendam
680 2673 736 2713 ad
758 2672 972 2726 populum

170 2726 417 2769 accimftum
441 2728 645 2770 nostrum.

234 2787 363 2827 Ficus
399 2786 514 2826 enim
554 2800 641 2827 non
675 2787 849 2829 florebit
884 2803 892 2829 ε
932 2795 975 2830 et

175 2858 262 2885 non
287 2843 367 2884 erit
388 2857 569 2898 germen
593 2845 635 2885 in
659 2846 808 2888 vineis.

502 2970 513 2991 ¹
540 2970 658 3006 viftor
679 2985 685 3006 :
707 2973 747 3007 R.
771 2974 807 3006 P.
829 2974 870 3007 A.

1100 236 1343 278 Mentietur
1359 252 1470 291 opus
1490 237 1620 279 oliuae
1643 250 1651 277 ε
1674 243 1718 280 et
1740 253 1844 280 arua

1041 307 1129 335 non
1153 295 1337 337 afferent
1360 297 1518 337 cibum.

1098 352 1396 395 Abscindetur
1412 355 1467 395 de
1484 354 1589 395 ouili
1611 369 1744 409 pecus
1769 368 1778 396 t
1800 361 1844 396 et

1041 424 1129 451 non
1147 411 1228 452 erit
1242 418 1491 453 armentum
1508 413 1549 452 in
1566 413 1842 467 praesepibus.

1100 469 1199 522 Ego
1240 475 1388 510 autem
1433 470 1476 510 in
1518 471 1700 511 domino
1737 485 1842 524 gau-

1040 526 1156 567 debo
1193 543 1201 568 :
1232 533 1276 568 et
1307 527 1521 569 exultabo
1552 529 1596 569 in
1633 529 1718 570 deo
1755 528 1841 599 iesu

1041 598 1154 625 meo.

1100 643 1222 683 Deus
1248 642 1455 684 dominus
1477 642 1690 685 fortitudo
1713 658 1842 685 mea:

1040 706 1084 740 et
1113 707 1249 753 ponet
1279 703 1415 755 pedes
1448 715 1569 742 meos
1602 702 1720 756 quasi
1752 716 1841 743 cer-

1041 772 1207 799 uorum.

1098 817 1157 857 Et
1181 816 1306 870 super
1327 817 1500 858 excelsa
1526 832 1625 858 mea
1653 818 1842 859 deducet

1040 887 1110 914 me
1127 873 1363 916 νὶξὶοιίιῐη1
1387 889 1396 917 z
1419 877 1462 916 in
1485 876 1663 930 psalmis
1681 891 1841 918 canen-

1040 938 1142 973 tem.

1127 1001 1296 1043 Deinde
1318 1002 1596 1046 Benedicfitus.
1607 1004 1673 1057 fo.
1699 1002 1754 1057 5².

1091 1102 1135 1147 11
1159 1098 1457 1152 Adpm‘mam.
1517 1101 1723 1154 Psalmns
1743 1112 1792 1143 .2.

1055 1182 1083 1211 ²⁶
1130 1183 1292 1227 ''f-{vare
1330 1186 1600 1228 fremuerunt
1630 1194 1839 1241 gentes...

1148 1261 1155 1270 τ
1206 1245 1323 1285 beati
1341 1259 1505 1295 omnes,
1522 1246 1595 1300 qui
1613 1246 1843 1287 confidunt

1041 1316 1084 1343 1n
1109 1316 1173 1344 eo.

1290 1371 1498 1424 Psalmns
1518 1384 1550 1414 ,Ι
1565 1384 1596 1414 Ι.

1044 1447 1285 1533 §Aluum
1319 1463 1390 1490 me
1422 1450 1489 1491 fac
1521 1451 1711 1497 domine,
1735 1465 1843 1505 quo-

1145 1508 1263 1547 niam
1287 1508 1446 1549 defecit
1465 1507 1843 1551 sanffitus...multi-

1039 1565 1207 1619 plicasti
1230 1566 1342 1607 filios
1364 1567 1605 1609 hominum.

1289 1658 1498 1712 Psalmzts
1519 1669 1596 1712 ,50.

1158 1739 1324 1781 Iserere
1351 1741 1436 1781 mei
1466 1742 1574 1782 deus
1606 1742 1841 1783 secundum

1182 1812 1391 1851 magnam
1414 1799 1753 1840 misericordiam
1776 1808 1844 1841 tu-

1039 1862 1280 1897 am...tunc
1303 1857 1533 1910 imponent
1556 1858 1682 1912 super
1705 1859 1843 1900 altare

1039 1920 1165 1955 tuum
1190 1914 1363 1956 vitulos.

1215 1982 1385 2023 Deinde
1407 1983 1562 2026 Credo.
1585 1991 1653 2026 etc.

1095 2077 1139 2122 (I
1164 2074 1246 2116 Ad
1264 2082 1328 2116 le]
1329 2076 1449 2118 [tam.
1509 2078 1717 2131 Psalmns
1738 2091 1787 2131 ..3

1059 2153 1071 2206 l
1092 2154 1155 2211 '1:35‘
1179 2161 1351 2213 Omine,
1403 2163 1508 2217 quid
1562 2164 1842 2217 multiplicati

1132 2229 1152 2251 λ’
1216 2219 1346 2261 sunt..
1358 2228 1416 2261 .et
1459 2222 1585 2274 super
1625 2222 1839 2276 populum

1038 2285 1166 2320 tuum
1191 2277 1440 2320 benediffitio
1463 2286 1550 2321 tua.

1292 2370 1500 2422 Psalmus
1521 2381 1598 2423 .37.

1134 2443 1307 2494 Omine,
1337 2458 1391 2485 ne
1421 2445 1463 2486 in
1497 2445 1640 2486 surore
1670 2452 1747 2487 tuo
1777 2460 1843 2486 ar-

1159 2516 1270 2555 guas
1299 2504 1610 2546 me...domine
1638 2505 1747 2545 deus
1781 2504 1843 2545 sa-

1039 2559 1141 2600 lutis
1164 2573 1285 2601 meae.

1291 2656 1497 2709 Psalmus
1517 2689 1524 2698 .
1532 2666 1596 2709 55.

1050 2730 1144 2813 M
1159 2731 1318 2773 Iserere
1356 2733 1441 2773 mei
1478 2734 1597 2781 deus,
1632 2734 1840 2787 quoniam

1184 2789 1458 2831 conculcauit
1479 2805 1551 2831 me
1577 2792 1844 2833 homo...co-

1040 2862 1133 2890 ram
1156 2848 1240 2888 deo
1263 2848 1306 2888 in
1329 2848 1495 2890 lumine
1517 2849 1771 2892 viuentium.

1180 2973 1193 2993 ²
1218 2976 1304 3010 vide
1321 2987 1353 3020 p.
1375 2987 1404 3010 2.
