1981 3248
755 146 1053 179 DECEMBER.

67 230 245 275 propter
262 223 537 276 magistratus
556 223 716 264 occisos
732 223 864 263 Thes-

68 279 256 321 salonica
284 281 439 321 ciuitas
469 281 608 321 fuerat
638 281 866 321 occidione

67 337 188 384 caesa,
222 337 463 378 Mediolani
501 338 542 378 se
574 338 758 391 ingressu
797 352 864 378 ec-

66 394 203 435 clesiae
235 395 495 448 prohibenti,
514 402 557 436 et
589 396 863 436 commissum

66 451 202 492 scelus
234 466 395 506 magna
423 467 523 493 cum
553 453 755 494 libertate
785 453 864 493 im-

65 511 318 562 properanti
343 526 351 551 :
373 511 564 564 paruerit
588 527 594 551 :
617 517 661 551 et
689 511 864 564 publice

65 567 373 620 poenitentiam
423 569 561 622 egerit
608 569 664 609 ab
706 569 862 609 eodem

65 623 317 666 iniunctam.
362 626 557 666 Demum
583 626 678 680 post
700 625 862 666 multos

65 681 235 723 labores
271 697 350 736 pro
384 683 538 725 Christi
571 683 746 724 ecclesia
780 683 862 723 sus-

63 746 227 792 ceptos,
255 740 349 794 post
379 740 517 782 multa
549 741 756 781 librorum
788 755 859 782 vo-

63 797 231 838 lumina
262 797 408 839 sancte
439 805 482 839 et
515 799 730 851 sapienter
760 813 862 840 con-

64 854 232 908 scripta,
293 856 459 909 pietate
526 871 577 897 ac
642 856 861 897 miraculis

63 911 215 963 clarus,
242 914 409 966 quieuit
438 914 481 954 in
509 914 692 955 domino
722 915 862 967 pridie

63 983 201 1011 nonas
233 970 401 1025 Aprilis
434 985 550 1012 anno
581 971 736 1013 Christi
769 973 860 1012 nati

63 1027 280 1070 ccclxxx.
343 1029 478 1071 Cuius
515 1029 669 1070 festum
704 1029 760 1070 ab
794 1043 861 1070 ec-

62 1085 186 1126 clesia
226 1085 471 1128 celebratur
508 1087 589 1140 .vij.
632 1087 729 1128 idus
773 1088 861 1128 De-

63 1143 262 1193 cembris,
291 1158 379 1197 quo
411 1145 482 1186 die
513 1145 740 1198 episcopus
772 1159 861 1185 cre-

63 1206 161 1241 atus
184 1201 257 1242 est.

63 1305 107 1350 (i
173 1302 385 1357 Conceplz'o
443 1305 611 1346 Mariae
674 1305 863 1359 virginis

119 1360 275 1413 duplex
321 1363 474 1403 maius.
550 1363 632 1403 Ad
675 1364 862 1416 vesperas

119 1419 334 1471 Hymnus.

119 1492 222 1533 Aue
245 1494 376 1535 maris
398 1493 548 1535 stella¹.

382 1583 447 1624 07
434 1584 543 1625 atto.

63 1656 279 1738 DEuS
290 1659 364 1711 qui
407 1673 484 1716 per
529 1659 859 1700 immaculatam

172 1715 351 1768 virginis
391 1717 724 1770 conceptionem
767 1718 859 1771 dig-

62 1785 168 1813 num
198 1772 287 1814 filio
318 1779 395 1814 tuo
430 1774 730 1815 habitaculum
764 1789 860 1828 pre-

60 1830 218 1882 palasti
247 1845 256 1872 :
278 1830 545 1884 ²quaesumus
573 1839 647 1873 :vt
676 1833 781 1874 ficut
803 1847 859 1873 ex

62 1894 203 1929 morte
241 1889 431 1929 eiusdem
465 1889 539 1942 filij
574 1890 635 1930 sui
672 1890 861 1943 preuisa²

61 1958 159 1986 eam
192 1946 248 1986 ab
280 1947 400 1987 omni
438 1946 536 1988 labe
567 1948 818 2000 preseruasti
853 1964 860 1988 :

62 2003 123 2043 ita
152 2017 231 2043 nos
257 2018 434 2057 quoque
464 2006 653 2046 mundos
675 2006 767 2046 eius
797 2007 859 2046 in-

62 2062 312 2101 tercessione
341 2063 396 2102 ad
428 2068 473 2103 te
501 2063 729 2116 peruenire
758 2077 859 2104 con-

61 2119 192 2159 cedas
218 2132 226 2159 z
248 2133 326 2171 per
348 2118 569 2161 eundem³.

62 2225 106 2270 ΙΙ
132 2222 214 2263 Ad
231 2225 495 2266 matntz'nzmz
525 2226 861 2270 z‘7mz'tat07'2‘2cm4.

123 2309 461 2351 Immaculatam
523 2314 858 2366 conceptionem

62 2367 242 2420 virginis
257 2369 411 2408 Mariae
427 2369 708 2421 celebremus,
719 2371 859 2412 Chris—

62 2430 157 2465 tum
190 2426 281 2466 eius
315 2426 674 2479 praeseruatorem
708 2430 859 2470 adore-

63 2496 159 2523 mus
182 2483 423 2524 dominum.

355 2573 568 2626 Hymnus.

121 2646 160 2687 O
184 2647 368 2699 gloriosa
390 2650 571 2690 domina
592 2657 670 2692 etc,

133 2752 143 2773 ¹
170 2759 238 2787 etc.
259 2766 265 2787 :
284 2755 367 2789 add.
392 2756 432 2789 R.
456 2757 491 2790 P.
512 2757 554 2789 A.

68 2847 109 2879 R.
133 2799 362 2880 33‘2Apraesta
401 2803 620 2846 quaesumus
655 2812 691 2838 vt
734 2806 820 2840 slCut
856 2820 861 2840 2

133 2892 146 2912 3
177 2894 269 2927 Haec
306 2896 425 2928 malin
464 2897 503 2929 in
539 2898 580 2930 V
625 2899 721 2942 llfil's
763 2904 866 2934 wll(

60 2939 230 2984 galltzcz's.

180 3012 279 3043 B.N.

1668 145 1744 188 177

936 222 1081 262 Leaez'o
1131 222 1206 275 jzj.
1270 226 1314 271 ΕΙ
1363 223 1439 263 Ex
1475 224 1745 275 sermonibus

1096 279 1247 331 sanc‘Zz
1264 280 1304 320 A
1313 294 1340 320 n
1337 281 1514 334 oustz'm.

941 351 1179 435 Smea
1222 353 1293 393 dei
1331 353 1541 407 sapientia
1573 354 1739 395 nullam

1040 424 1083 450 m
1108 410 1242 451 massa
1269 410 1451 451 humani
1483 413 1655 465 generis
1678 412 1740 453 in-

934 468 1066 508 uenit
1098 469 1228 517 viam,
1270 482 1348 521 per
1388 483 1536 534 quarn,
1569 475 1617 510 vt
1657 470 1739 510 dis-

934 525 1088 577 posuit,
1119 525 1161 565 in
1192 525 1409 566 mundum
1438 527 1617 567 veniens
1647 528 1738 567 eius

932 582 1184 623 subueniret
1217 581 1424 624 luctuosae
1458 585 1694 637 perditioni
1729 601 1736 625 :

934 640 1076 681 donec
1098 641 1153 681 ad
1177 640 1310 690 illam,
1327 642 1382 682 de
1399 655 1486 694 qua
1508 642 1737 695 loquimur,

934 698 1148 751 virginem
1181 705 1361 739 ventum
1395 699 1464 740 est.
1528 700 1617 741 Sed
1644 699 1740 740 haec

934 769 1041 795 mox
1063 762 1109 796 vt
1142 756 1184 796 in
1215 757 1429 797 mundum
1458 771 1536 810 per
1557 757 1737 798 humani

931 814 1102 865 generis
1118 813 1278 854 lineam
1293 815 1412 854 venit
1431 830 1438 854 :
1455 821 1580 855 tanto
1595 816 1737 855 omnis

932 871 1036 911 boni
1053 872 1213 911 virtute
1236 870 1428 924 perfecte
1446 872 1711 925 resplenduit
1730 889 1737 913 ι

930 934 977 969 vt
1003 941 1100 968 eam
1127 929 1197 970 dei
1225 929 1434 983 sapientia
1459 931 1649 971 veridice
1676 931 1737 971 iu-

932 985 1098 1026 dicaret
1116 1002 1124 1026 :
1143 992 1190 1027 vt
1207 1001 1284 1040 per
1298 987 1434 1040 ipsam
1453 988 1495 1028 in
1511 987 1735 1028 hominem

932 1043 1111 1084 veniens
1158 1060 1164 1084 :
1211 1058 1298 1084 non
1346 1050 1520 1085 tantum
1566 1052 1735 1086 reatum

932 1101 1174 1153 primorum
1204 1108 1438 1155 parentum
1470 1103 1700 1144 hominum
1730 1120 1736 1144 :

933 1158 1003 1199 sed
1026 1159 1162 1200 totius
1180 1160 1333 1200 mundi
1355 1167 1537 1213 peccata
1559 1160 1736 1202 deleret.

936 1216 1061 1257 Idem
1092 1216 1328 1270 magnifica
1356 1218 1492 1267 illum,
1514 1219 1587 1271 qui
1610 1225 1654 1259 te
1680 1220 1737 1260 ab

932 1274 1054 1314 omni
1095 1282 1278 1327 peccato
1314 1276 1563 1317 reseruauit.
1627 1275 1737 1329 Quis

934 1332 1051 1372 enim
1078 1331 1253 1385 (inquit)
1272 1332 1416 1373 dicere
1438 1335 1598 1386 poterit
1622 1350 1630 1375 :
1652 1335 1738 1375 fine

933 1395 1116 1442 peccato
1139 1390 1230 1430 sum
1253 1390 1415 1431 natus?
1447 1397 1522 1432 aut
1546 1393 1736 1432 mundus

935 1446 1026 1487 sum
1068 1447 1123 1488 ab
1166 1449 1287 1488 omni
1325 1449 1556 1501 iniquitate
1593 1449 1737 1490 dicere

932 1505 1114 1546 audebit
1149 1519 1156 1545 ;
1190 1505 1264 1545 nisi
1291 1506 1413 1559 virgo
1444 1506 1516 1547 illa
1547 1506 1738 1560 pruden-

932 1562 1088 1602 tissima
1129 1563 1373 1603 animatum
1412 1564 1627 1618 templum
1666 1566 1737 1605 dei

933 1619 1089 1660 excelsi
1125 1637 1132 1661 :
1160 1635 1294 1673 quam
1319 1622 1428 1662 deus
1457 1622 1511 1662 slC
1537 1622 1671 1675 elegit
1692 1629 1735 1663 et

932 1677 1161 1731 praeelegit
1202 1685 1305 1719 ante
1347 1679 1499 1720 mundi
1532 1680 1737 1721 constitu-

932 1735 1096 1775 tionem
1121 1742 1193 1776 :vt
1216 1734 1362 1776 sancta
1385 1743 1428 1777 et
1452 1737 1736 1778 immaculata

933 1799 1072 1833 mater
1117 1794 1187 1834 dei
1229 1793 1320 1834 filio
1361 1795 1417 1835 ab
1459 1800 1624 1836 aeterno
1673 1810 1735 1836 re-

931 1850 1100 1891 seruata
1123 1867 1130 1891 :
1153 1851 1404 1905 incorrupta
1422 1852 1477 1892 ab
1495 1853 1614 1893 omni
1637 1852 1736 1893 labe

932 1909 1134 1961 peccati?

917 2010 975 2056 {1
1000 2006 1263 2047 Meldzz'ades
1274 2014 1391 2060 papa
1413 2014 1588 2059 martyr.
1636 2009 1736 2049 Lec-

1250 2065 1306 2104 tio
1330 2064 1422 2118 .2'2'j⁵.

941 2138 1287 2220 MElchiades
1361 2153 1477 2192 papa
1556 2141 1735 2181 natione

1077 2195 1243 2249 Apher,
1287 2197 1521 2250 Maxentij,
1565 2198 1734 2251 Licinij,

931 2252 990 2293 et6
1005 2253 1241 2294 Maximini
1257 2255 1530 2307 temporibus
1546 2255 1735 2296 ecclefiae

930 2310 1115 2364 praefuit.
1179 2311 1265 2351 Hic
1298 2312 1492 2361 instituit,
1514 2318 1561 2353 vt
1591 2327 1733 2366 neque

931 2368 1002 2408 die
1025 2367 1280 2417 dominico⁷,
1298 2383 1439 2422 neque
1457 2370 1611 2423 quinta
1628 2371 1733 2411 feria

930 2426 1206 2474 ieiunaretur,
1247 2427 1456 2479 quoniam
1507 2427 1587 2468 hos
1639 2429 1732 2468 dies

929 2483 1091 2536 pagani
1114 2484 1230 2537 quasi
1254 2484 1393 2524 sacros
1423 2485 1594 2538 ieiunijs
1623 2486 1733 2526 cele—

929 2541 1115 2581 brarent.
1160 2541 1303 2581 Multa
1319 2556 1493 2595 quoque
1511 2543 1732 2584 constituit

929 2599 984 2638 ad
1036 2598 1283 2639 oblationes
1327 2599 1548 2640 faciendas
1600 2602 1729 2654 perti-

931 2656 1091 2704 nentia,
1128 2670 1179 2696 eo
1221 2656 1338 2709 quod
1381 2657 1729 2698 Manichaeorum

1001 2761 1013 2781 4
1040 2762 1100 2796 die
1118 2763 1149 2795 .8
1170 2762 1210 2795 z'n
1229 2774 1275 2795 m.

1001 2808 1014 2827 ἦ
1040 2809 1099 2843 die
1118 2818 1160 2852 .9.
1181 2810 1220 2843 in
1240 2821 1284 2843 m.
1305 2810 1348 2843 V.
1388 2821 1428 2843 io
1449 2823 1455 2844 ς
1475 2811 1516 2844 R.
1540 2812 1576 2845 P.
1592 2812 1634 2846 A.

1002 2855 1015 2873 ⁶
1041 2861 1101 2889 et:
1130 2867 1196 2889 om.
1220 2857 1257 2889 P.

1002 2902 1014 2923 ⁷
1041 2902 1229 2936 dominica
1254 2915 1259 2936 z
1282 2904 1318 2936 P.
1335 2904 1378 2937 A.
