1981 3248
803 150 855 181 [A
860 149 964 182 NUA
970 148 1096 181 RIUS.

122 227 165 268 in
202 227 456 269 christianos
489 241 566 281 per
596 233 738 269 totam
767 227 918 267 Afiam

121 285 338 337 saeuiente,
379 286 617 334 accusatus,
646 291 689 325 et
721 298 919 337 compre-

121 343 290 393 hensus,
312 357 412 384 cum
435 344 491 384 ad
514 342 705 384 tribunal
733 356 918 396 procon-

122 400 221 441 sulis
245 401 285 442 se
307 401 586 441 christianum
604 401 687 441 esse
704 399 918 440 constanti

121 459 271 499 animo
320 458 608 512 profiteretur,
650 472 730 498 nec
781 457 920 511 posset

122 515 251 556 minis
283 516 503 566 deterreri,
540 516 739 556 vniuersa
771 515 919 555 multi-

121 574 275 614 tudine
291 574 535 626 gentilium,
554 580 597 614 et
615 574 856 614 iudaeorum
874 573 917 612 id

122 631 388 672 clamoribus
404 629 718 685 efflagitante,a
734 644 918 684 procon-

123 688 472 730 suledamnatur:
489 695 536 729 vt
547 690 672 730 viuus
684 689 784 742 igne
799 701 916 728 com-

122 746 360 787 bureretur.
405 747 493 788 Sed
516 747 559 786 in
582 759 737 799 rogum
760 744 918 786 vinctis

121 804 217 857 post
257 810 430 857 tergum
479 804 680 844 manibus
721 801 917 852 iniecftus

122 862 412 914 permanebat
468 862 635 903 illaesus.
715 861 919 902 Flamma

125 920 243 960 enim
277 920 320 960 in
363 920 546 960 modum
580 920 779 961 Camerae
825 932 920 959 cur-

121 983 237 1027 uata,
278 978 394 1030 quas1
441 977 588 1018 velum
621 978 746 1017 nauis
786 983 920 1017 vento

121 1034 317 1075 smuante
359 1049 515 1088 corpus
557 1035 762 1087 martyris
798 1040 920 1087 tege-

121 1092 212 1142 bat,
237 1093 383 1145 potius
404 1107 537 1145 quam
561 1093 774 1133 adureret.
818 1092 919 1145 Quo

122 1150 427 1191 animaduerso
446 1150 613 1191 sceleris
631 1150 810 1190 ministri
828 1163 919 1190 cor-

122 1221 216 1260 pus,
250 1209 318 1248 cui
353 1208 544 1248 flammae
576 1207 876 1261 pepercerantl
912 1222 920 1249 ε

122 1266 274 1306 iubent
305 1265 453 1317 gladio
485 1265 510 1306 a
541 1265 744 1306 carnifice
784 1266 921 1306 trans-

122 1322 225 1364 fodi.
289 1323 390 1377 Quo
417 1322 535 1364 facto
557 1324 784 1364 beatissimi
808 1337 921 1364 mar-

122 1381 232 1433 tyris
274 1381 445 1434 spiritus
495 1381 678 1421 vinculis
729 1382 921 1434 corporis

122 1438 286 1479 solutus
314 1439 370 1479 ad
398 1440 530 1480 deum
554 1438 761 1480 euolauit.
823 1439 920 1479 Pas-

122 1495 190 1536 sus
251 1496 312 1537 est
367 1502 517 1537 autem
568 1510 732 1536 annum
784 1510 919 1549 agens

121 1552 311 1608 .lxxxvj.
333 1554 405 1607 vij.
428 1553 635 1595 calendas
661 1554 900 1607 Februarij.

122 1647 167 1692 ([
190 1644 372 1685 Ioannes
391 1644 699 1698 Clnysostomns
719 1644 923 1698 episcopus

257 1702 466 1755 confessor.
525 1702 671 1743 Lec72‘0
693 1701 786 1756 .2‘ij².

131 1779 357 1862 IOannes
395 1781 727 1836 Chrysostomus
758 1782 921 1823 Antio-

203 1838 314 1879 chiae
336 1845 477 1881 natus.
523 1853 622 1880 cum
641 1840 745 1881 esset
766 1840 920 1881 libera-

121 1894 237 1937 libus
285 1898 451 1938 artibus
502 1898 709 1947 erudituS,
760 1897 919 1939 reli<ffis

122 1953 361 1995 forensibus
390 1961 434 1996 et
466 1954 727 1996 secularibus
753 1955 918 2009 studijs,

122 2012 281 2064 quibus
294 2010 366 2053 ⁸ab
382 2011 575 2053 ineunte3
589 2019 721 2054 aetate
735 2027 920 2054 vacaue-

123 2074 202 2118 rat,
223 2075 368 2110 totum
393 2070 433 2110 se
456 2070 670 2111 sacrarum
694 2071 917 2113 literarum

122 2126 263 2168 studio
284 2128 477 2169 tradidit.
531 2129 651 2181 Ergo
674 2127 699 2168 a
722 2128 919 2170 Meletio⁴

123 2184 377 2225 Antiochiae
399 2185 602 2238 episcopo
629 2184 766 2226 lec‘tor
789 2193 833 2227 et
854 2188 919 2227 di-

121 2255 297 2293 aconus,
321 2249 365 2283 et
387 2243 442 2283 ab
471 2243 665 2296 Euagrio
691 2243 805 2284 illius
828 2244 918 2285 suc-

122 2300 283 2340 cessore
319 2300 518 2341 sacerdos
555 2301 795 2350 ordinatus,
821 2307 916 2342 tum

121 2355 332 2397 do&rinae
358 2364 453 2398 tum
477 2357 718 2399 sanctitatis
740 2360 918 2400 nomine

122 2415 437 2456 omniumvoce
455 2415 783 2457 celebrabatur⁵.
817 2417 918 2470 Qua

122 2471 240 2512 fama
255 2479 401 2513 motus
415 2473 666 2514 Archadius
681 2474 919 2527 imperator

122 2529 260 2583 ipsum
288 2544 346 2570 ex
375 2531 619 2571 Antiochia
641 2532 832 2572 accerfiri
856 2532 919 2573 iu-

121 2586 207 2637 bet,
228 2593 275 2628 vt
307 2586 515 2629 NeEtario
549 2588 917 2643 Constantinopo-

167 2708 177 2730 1
205 2717 444 2755 pepercerent
468 2724 474 2746 :
496 2713 533 2748 P.

167 2756 180 2776 2
206 2757 266 2791 die
285 2767 337 2800 27.
357 2759 397 2791 in
416 2770 462 2792 m.

167 2802 219 2824 ³⁷'3
245 2805 406 2839 abeunte
430 2818 436 2839 :
456 2806 500 2839 A.

166 2849 178 2870 ⁴¹
208 2851 352 2884 Melitio
376 2863 383 2885 ε
406 2853 441 2885 Ρ.

166 2896 179 2915 ⁵
205 2897 410 2932 celebratur
434 2911 440 2933 :
462 2900 499 2932 P.

168 2942 180 2962 ‘²
207 2943 345 2978 intimis
369 2956 375 2978 τ
395 2945 441 2979 Α.

1705 151 1778 180 ΙΙΙ

987 226 1124 266 litano
1147 226 1351 279 episcopo
1374 233 1549 269 mortuo
1572 229 1785 273 succedat.

989 283 1202 337 Suscepto
1231 290 1379 324 autem
1409 285 1661 339 episcopatu
1684 302 1784 328 cum

987 341 1100 381 vicia
1115 341 1369 381 clericorum
1388 343 1548 395 partim
1564 345 1785 398 exemplo,

987 399 1148 451 partim
1172 399 1306 439 etiam
1328 400 1487 451 verbis,
1510 406 1554 441 et
1577 401 1783 455 legitimis

987 456 1130 509 poenis
1164 455 1457 505 insefftaretur,
1489 472 1697 512 magnam
1720 461 1784 513 ip-

987 514 1128 554 sorum
1159 514 1202 553 in
1229 514 1269 554 se
1294 514 1507 555 inuidiam
1534 518 1783 559 concitauit.

989 571 1209 612 Eudoxiae
1255 585 1431 625 quoque
1482 574 1675 627 augustae
1726 576 1784 616 ob

986 629 1257 669 seuerianum
1294 630 1590 682 gabaliensem
1622 633 1785 685 episco-

986 700 1104 739 pum,
1139 685 1164 726 a
1201 686 1241 727 se
1277 693 1491 741 tanquam
1527 688 1783 731 haereticum

984 744 1090 784 vrbe
1112 743 1294 797 pulsum,
1312 758 1524 799 magnum
1547 748 1697 788 odium
1722 749 1786 789 in-

986 802 1129 849 currit,
1152 808 1245 842 erat
1274 803 1388 843 enim
1420 803 1667 845 seuerianus
1696 807 1785 847 Eu-

986 860 1135 899 doxiae
1198 859 1401 901 intimus⁶
1441 867 1485 902 et
1546 862 1783 913 familiaris,

987 917 1276 970 quamobrem
1299 919 1455 959 eadem
1479 926 1632 961 contra
1655 922 1786 962 Ioan-

987 988 1088 1015 nem
1150 977 1427 1028 quorundam
1479 978 1782 1031 episcoporum

987 1031 1242 1073 concilium⁷
1259 1034 1507 1086 cogendum
1531 1037 1710 1086 curauit,
1728 1038 1784 1078 acl

987 1091 1106 1143 quod
1137 1090 1258 1131 velut
1283 1091 1435 1132 hostile
1461 1107 1560 1134 cum
1596 1094 1785 1136 Ioannes

986 1154 1169 1189 vocatus
1199 1149 1260 1189 ire
1288 1149 1527 1200 recusasset,
1548 1152 1785 1193 damnatus

988 1206 1049 1246 est
1083 1221 1091 1246 :
1128 1212 1172 1246 et
1208 1206 1251 1246 in
1293 1207 1475 1248 exilium
1513 1209 1671 1259 missus,
1714 1211 1784 1251 sed

987 1263 1119 1317 paulo
1137 1264 1232 1317 post
1254 1264 1456 1305 cohorta8
1472 1266 1514 1306 in
1533 1267 1638 1308 vrbe
1659 1269 1717 1309 ob
1740 1269 1783 1309 id

989 1335 1152 1374 magna
1180 1322 1401 1373 seditione,
1424 1323 1480 1364 ab
1502 1325 1638 1365 exilio
1661 1340 1785 1366 reuo-

988 1385 1113 1419 catus
1137 1379 1207 1420 est.
1270 1380 1351 1421 Cui
1374 1382 1573 1422 redeunti
1595 1384 1785 1436 populus

988 1450 1087 1477 cum
1141 1450 1303 1490 magna
1352 1439 1648 1491 gratulatione
1704 1441 1782 1482 fre-

989 1494 1307 1547 quentisfimus⁹
1346 1498 1545 1538 occurrit.
1609 1499 1785 1541 Deinde

988 1566 1088 1592 cum
1121 1552 1163 1592 in
1196 1553 1311 1593 diuae
1344 1552 1525 1607 Sophiae
1558 1555 1651 1596 foro
1683 1563 1786 1598 ante

986 1609 1200 1663 Augustae
1242 1617 1495 1664 argenteam
1547 1613 1786 1667 imaginem

989 1667 1117 1708 ludos
1148 1666 1256 1720 agi¹⁰
1276 1670 1487 1718 vetuisset,
1509 1671 1651 1711 rursus
1674 1673 1784 1713 irata

991 1726 1211 1774 Eudoxia,
1227 1725 1379 1779 quasl¹¹
1398 1726 1563 1768 sactum
1583 1729 1625 1769 id
1643 1730 1784 1771 suisset

988 1783 1032 1823 in
1062 1783 1182 1823 suam
1211 1785 1540 1836 contumeliam,
1562 1787 1639 1827 dat
1661 1802 1785 1841 oper-

987 1854 1072 1888 am,
1122 1846 1170 1881 vt
1229 1842 1420 1882 Ioannes
1480 1844 1537 1884 ab
1597 1845 1784 1887 inimicis

988 1898 1202 1952 episcopis
1252 1899 1357 1940 vrbe
1417 1900 1615 1953 pellatur.
1706 1903 1783 1945 Ad

987 1957 1105 2009 quod
1139 1956 1306 2009 synodo
1339 1956 1503 2007 masta,
1534 1959 1616 2000 hac
1648 1962 1784 2001 modo

987 2020 1204 2067 praetenta
1235 2015 1372 2065 causa,
1403 2017 1521 2068 quod
1563 2018 1658 2070 post
1699 2020 1785 2072 pri-

986 2085 1107 2112 orem
1163 2072 1480 2125 depofitionem
1513 2075 1600 2115 fine
1641 2078 1785 2117 conci-

988 2128 1069 2181 lij¹²
1100 2130 1279 2170 decreto
1323 2131 1367 2170 in
1419 2131 1517 2172 sede
1557 2132 1784 2183 resedisset,

987 2188 1225 2227 damnatus
1283 2188 1442 2229 iterum
1498 2190 1689 2231 mittitur
1740 2192 1783 2232 in

986 2244 1180 2284 exilium.
1242 2244 1287 2285 A
1329 2259 1416 2298 quo
1457 2246 1562 2287 dum
1605 2248 1785 2290 iubente

986 2316 1103 2355 papa
1120 2302 1380 2343 Innocentio
1395 2317 1451 2343 ex
1468 2305 1781 2359 concilij‚quod

988 2360 1144 2399 Romae
1168 2367 1384 2412 coegerat,
1403 2361 1578 2402 decreto
1597 2370 1785 2404 reuerte-

985 2423 1127 2457 retur:
1151 2424 1348 2457 mortuus
1366 2418 1425 2458 est
1441 2419 1589 2460 multis
1607 2420 1784 2461 calami—

985 2474 1152 2514 tatibus
1175 2481 1353 2527 propter
1374 2476 1607 2526 ecclessam,
1625 2484 1670 2518 et
1692 2493 1785 2519 mo-

986 2545 1081 2572 rum
1134 2531 1448 2573 correfftionem
1500 2535 1722 2576 exhaustis
1776 2550 1785 2577 :

987 2589 1219 2643 multisque
1242 2590 1360 2630 libris
1384 2592 1493 2631 mira
1509 2591 1722 2646 do&rina,
1742 2601 1786 2635 et

1035 2714 1049 2737 ⁷
1075 2714 1262 2749 confilium
1287 2728 1293 2750 :
1315 2717 1352 2751 P.

1036 2760 1049 2782 ²³
1074 2768 1202 2796 coorta
1223 2775 1230 2797 :
1252 2764 1295 2796 R.

1035 2807 1049 2829 ⁰
1075 2808 1370 2852 frequentissrmis
1394 2822 1400 2845 :
1421 2811 1462 2845 A.

1022 2853 1049 2875 ¹⁰
1074 2855 1152 2898 agri
1176 2868 1183 2890 τ
1204 2857 1241 2889 P.

1022 2900 1047 2922 ¹¹
1074 2913 1187 2946 quam
1209 2914 1216 2936 :
1236 2903 1279 2937 A.

1023 2947 1050 2968 ¹²
1075 2948 1210 2993 consilij
1238 2950 1300 2983 :I'.
1316 2951 1358 2984 A.
