1981 3248
221 142 297 181 182

221 231 525 272 z'nm‘tatorz'nm
547 230 597 270 de
623 229 840 270 communi
867 228 1022 282 aposto-

219 289 370 330 lorum.
435 289 597 329 Oratio.

313 363 522 405 Cclesiam
558 369 682 403 tuam
725 362 906 402 domine
947 361 1024 401 be-

345 422 504 474 nignus
536 420 709 468 illustra,
733 426 779 460 vt
806 419 925 459 beati
954 419 1023 459 Io-

222 480 348 519 annis
371 479 555 532 apostoli
578 478 641 518 tui
671 485 715 518 et
743 476 1024 530 euangelistae

224 537 473 577 illuminata
515 534 725 577 do&rinis
765 549 772 575 :
811 535 866 575 ad
909 535 1026 575 dona

223 596 451 649 perueniat
474 594 735 647 sempiterna
761 606 769 633 :
791 606 878 646 per.

494 701 639 743 Lec‘Zz'o
661 700 754 755 ‚z'sz

234 790 461 871 IOannes
498 787 719 841 apostolus
757 793 800 827 et
838 799 1028 838 euange-

308 847 414 897 lista,
448 847 521 900 qui
556 859 655 887 cum
694 844 858 885 Iacobo
896 844 1027 884 fratre

228 906 448 948 Christum
501 904 541 944 se
582 909 817 944 vocantem
866 900 1028 942 relictis

229 964 393 1004 retibus
417 969 460 1003 et
478 969 603 1016 patre
627 961 835 1001 zebedaeo
858 960 1028 1000 secutus

228 1022 299 1071 est,
326 1022 435 1061 mira
466 1021 680 1060 charitate
713 1018 931 1060 Christum
965 1019 1028 1057 di-

228 1079 351 1128 lexit,
397 1079 544 1132 estque
591 1078 646 1117 ab
693 1077 784 1130 ipso
832 1076 1029 1115 maxime

228 1139 427 1178 omnium
477 1135 786 1189 discipulorum
830 1132 1028 1173 dilectus.

232 1196 366 1236 Hunc
398 1195 515 1235 enim
550 1193 744 1235 Christus
777 1192 862 1232 suae
894 1191 1029 1231 trans-

229 1253 479 1307 figurationi
511 1252 650 1292 voluit
684 1264 782 1291 cum
824 1251 953 1290 Petro
986 1255 1029 1289 et

230 1312 386 1352 iacobo
429 1310 561 1350 fratre
603 1308 809 1349 interesse.
854 1314 897 1347 et
929 1320 1030 1347 cum

230 1369 392 1410 eisdem
416 1369 456 1409 se
479 1368 677 1408 comitari
697 1367 751 1407 ad
773 1366 873 1406 Iairi
892 1364 1031 1405 archi-

230 1428 439 1481 synagogi
489 1426 623 1466 filiam
676 1424 915 1464 sanandam
968 1423 1032 1463 in-

230 1486 516 1539 gredientem.
549 1484 753 1535 idemque
777 1495 876 1522 cum
902 1482 1031 1521 Petro

232 1544 378 1584 missus
421 1542 491 1590 est,
527 1549 574 1582 vt
609 1541 668 1580 illi
706 1540 864 1592 pascha
907 1553 1032 1592 para-

232 1608 326 1641 rent
362 1618 368 1641 z
404 1602 442 1640 in
481 1614 619 1652 caque
652 1598 869 1652 postrema
904 1611 1031 1637 crena

232 1661 273 1700 in
298 1660 386 1699 sinu
418 1659 583 1698 domini
614 1657 823 1705 recubuit,
847 1663 889 1695 et
920 1656 1031 1695 solus

231 1718 291 1758 est
326 1717 450 1757 ausus
485 1716 672 1756 eundem
706 1715 761 1755 de
796 1714 1031 1767 proditoris

233 1777 411 1815 nomine
470 1774 725 1827 percontari.
792 1773 850 1812 Et
912 1772 1030 1823 quod

233 1833 291 1873 est
334 1834 531 1872 omnium
575 1832 822 1871 maximum
866 1835 1032 1869 mutuae

233 1889 479 1932 dilectionis
496 1895 818 1942 argumentum,
837 1886 1030 1928 Christus

233 1963 332 1990 cum
358 1949 568 2001 penderet
598 1948 639 1987 in
670 1960 796 1986 cruce
824 1945 924 1985 huic
954 1958 1032 1997 po-

233 2008 438 2047 tissimum
463 2012 648 2046 matrem
668 2004 786 2044 suam
810 2016 1033 2043 commen-

233 2066 369 2106 dauit.
404 2065 459 2104 ad
500 2077 597 2104 eam
636 2063 752 2102 enim
790 2060 1033 2109 conuersus,

236 2122 396 2163 Mulier
429 2121 606 2175 (inquit)
639 2134 739 2160 ecce
776 2119 888 2159 filius
920 2125 1034 2167 tuus,

236 2187 279 2221 et
301 2181 356 2221 ad
374 2180 508 2229 illum,
528 2180 643 2219 Ecce
660 2184 802 2218 mater
818 2183 906 2218 tua.
946 2177 1034 2216 Hic

235 2252 412 2292 quoque
452 2238 619 2291 primus
668 2236 866 2276 omnium
911 2234 1034 2287 apos—

233 2296 425 2337 tolorum
460 2295 555 2348 post
587 2291 943 2335 resurrectionem
977 2293 1032 2332 ad

235 2360 586 2401 monumentum,
632 2352 842 2405 peruenit.
907 2350 1033 2390 Idem

237 2413 408 2453 caeteris
431 2410 674 2463 euangelijs
698 2409 956 2462 approbatis
979 2409 1035 2448 ad

236 2470 505 2510 asserendam
552 2467 709 2509 Chi-isti
756 2467 1034 2507 diuinitatem

235 2534 387 2568 contra
460 2526 727 2566 Hebionitas
794 2524 1036 2571 haereticos,

236 2585 396 2638 scripsit
427 2584 707 2636 euangelium
730 2582 910 2622 Vltimus
943 2595 1034 2621 om-

237 2644 357 2683 nium
393 2643 435 2681 in
470 2641 584 2681 Asia.
649 2641 763 2681 Cum
803 2646 951 2680 autem
991 2640 1032 2678 in

237 2700 535 2754 persecutione
585 2698 831 2738 Domitiani
876 2697 1033 2750 Ephesi

236 2765 404 2811 captus,
447 2764 489 2797 et
543 2757 700 2796 Romae
742 2756 809 2808 (vt
860 2755 1034 2795 Tertul-

237 2816 378 2856 lianus
401 2814 460 2855 est
489 2814 662 2864 author)
689 2815 730 2853 in
761 2813 928 2853 dolium
953 2812 1033 2852 ser-

306 2922 318 2943 1
345 2921 405 2955 die
423 2930 490 2959 .27.
510 2921 551 2954 in
569 2931 615 2953 m.

306 2969 318 2990 ²
346 2968 527 3002 Drusiana
547 2979 553 3001 z
576 2968 613 3001 P.

909 151 1207 184 DECEMBER.

1095 232 1237 270 uentis
1279 231 1382 271 olei
1411 230 1619 279 deiectus,
1662 230 1893 271 incolumis

1095 288 1357 337 euafisset‚in
1383 290 1603 330 Pathmon
1623 288 1805 329 insulam
1830 302 1894 327 re-

1095 345 1265 399 legatus
1288 347 1358 395 est,
1375 348 1448 388 vbi
1471 346 1769 400 apocalypsim
1792 359 1895 386 con-

1095 404 1265 457 scripsit.
1327 406 1460 446 Vnde
1497 403 1704 445 reductus
1747 403 1895 457 Ephe-

1096 462 1198 511 sum,
1233 461 1361 516 (aeus
1394 463 1642 503 Domitiani
1676 462 1771 515 post
1803 462 1895 502 eius

1096 526 1281 561 mortem
1316 519 1341 561 a
1373 521 1522 562 senatu
1555 520 1747 573 rescissis)
1774 520 1895 560 Dru-

1098 577 1282 618 sianam2
1319 579 1472 632 insigni
1515 579 1726 632 religione
1769 577 1896 618 muli-

1098 650 1214 676 erem
1233 650 1373 690 nuper
1394 635 1649 677 defunGmm
1673 637 1716 676 in
1740 635 1896 677 Christi

1098 695 1301 735 nazareni
1325 695 1503 735 nomine
1529 695 1585 735 ad
1606 695 1743 735 vitam
1773 707 1897 734 reuo-

1097 753 1224 793 cauit.
1264 767 1352 806 quo
1393 753 1604 793 miraculo
1642 752 1805 793 multos
1840 751 1896 791 ad

1097 824 1246 850 veram
1299 810 1432 850 fidem
1479 811 1697 851 conuertit
1749 810 1897 863 ibique

1098 868 1231 921 Vsque
1268 869 1323 909 ad
1366 869 1608 909 Traianum
1652 868 1897 921 principem

1099 926 1390 979 perseuerans,
1419 926 1618 967 ecclesias
1650 926 1766 966 Afiae
1800 925 1826 966 a
1857 925 1898 965 se

1099 984 1305 1024 fundatas
1328 982 1583 1024 sanfflssime
1605 984 1731 1025 rexit.
1780 984 1899 1023 Tan-

1099 1043 1201 1082 dem
1234 1042 1350 1082 senio
1376 1040 1600 1082 confectus
1630 1041 1898 1095 sexagesimo

1099 1099 1258 1140 octauo
1301 1100 1395 1153 post
1446 1101 1684 1153 passionem
1731 1099 1899 1140 domini

1101 1172 1229 1207 anno,
1265 1158 1349 1198 suae
1383 1172 1486 1199 vero
1529 1159 1673 1198 aetatis
1706 1171 1899 1210 nonage-

1100 1216 1204 1256 simo
1248 1230 1366 1256 nono
1408 1214 1616 1256 structum
1659 1216 1733 1257 fibi
1780 1215 1898 1268 apud

1102 1274 1324 1326 Ephesum
1341 1274 1615 1327 sepulchrum
1633 1274 1786 1314 viuens
1801 1273 1897 1313 sub-

1102 1332 1160 1383 ijt.
1197 1332 1313 1372 Tum
1333 1332 1535 1385 splendor
1549 1332 1719 1372 tumulo
1735 1332 1901 1371 circun-

1101 1390 1228 1437 fusus,
1256 1390 1339 1430 loci
1372 1390 1647 1443 hominisque
1676 1388 1899 1442 aspectum

1102 1448 1466 1488 circunstantibus
1485 1448 1663 1496 ademit,
1684 1462 1772 1501 quo
1787 1447 1901 1500 post-

1103 1508 1286 1546 modum
1339 1507 1601 1554 remittente,
1643 1506 1773 1546 inane
1825 1519 1901 1558 ap-

1103 1566 1247 1617 paruit
1270 1565 1672 1611 conditorium‚nec
1696 1563 1784 1616 ipse
1807 1563 1901 1617 post

1103 1623 1144 1663 id
1171 1630 1343 1675 tempus
1368 1622 1425 1662 est
1450 1623 1491 1662 in
1516 1623 1639 1662 terris
1663 1622 1785 1662 visus.

1161 1773 1204 1818 Ι]
1238 1770 1482 1810 lmmcentcs
1513 1775 1724 1821 mamyres
1753 1768 1905 1821 duplex

1103 1829 1257 1869 minus.
1319 1828 1463 1867 Leffio
1486 1827 1624 1869 sertia.
1681 1827 1755 1867 Ex
1772 1826 1904 1880 capite

1105 1887 1296 1929 Secnmz'o
1304 1884 1316 1904 ³
1338 1883 1573 1926 ilsattlzoez'4.

1103 1993 1335 2076 ANgelus
1381 1993 1550 2034 domini
1602 1994 1808 2046 apparuit
1859 1993 1902 2033 in

1227 2052 1387 2092 somnis
1406 2051 1574 2105 Ioseph,
1590 2052 1751 2100 dicenS,
1763 2051 1903 2104 Surge

1108 2110 1330 2151 ...Rachel
1362 2109 1541 2163 plorans
1573 2110 1686 2149 filios
1719 2109 1827 2157 suos,
1860 2115 1903 2150 et

1105 2168 1245 2209 noluit
1269 2168 1481 2208 consolari
1503 2168 1607 2221 quia
1629 2181 1717 2208 non
1741 2167 1849 2208 sunt.

1425 2311 1588 2352 Oratio.

1113 2407 1291 2490 DEus
1315 2408 1437 2448 cuius
1460 2408 1674 2448 hodierna
1696 2407 1767 2448 die
1795 2421 1904 2461 prae-

1214 2466 1391 2506 conium
1409 2466 1674 2506 Innocentes
1689 2472 1904 2519 martyres

1106 2537 1193 2563 non
1217 2523 1439 2576 loquendo
1462 2523 1533 2563 sed
1556 2523 1785 2563 moriendo
1803 2537 1904 2564 con-

1106 2581 1192 2621 fessi
1223 2581 1319 2621 sunt
1345 2595 1352 2621 :
1376 2582 1525 2621 omnia
1556 2582 1599 2621 in
1630 2582 1756 2621 nobis
1777 2582 1904 2622 vitio-

1105 2653 1200 2679 rum
1244 2639 1360 2679 mala
1398 2638 1614 2679 mortifica
1649 2654 1656 2678 :
1689 2645 1737 2679 vt
1770 2638 1903 2679 fidem

1103 2702 1240 2745 tuam,
1263 2710 1396 2749 quam
1420 2696 1571 2749 lingua
1592 2696 1737 2737 nostra
1766 2696 1904 2750 loqui-

1104 2761 1175 2795 tur
1216 2770 1223 2794 :
1265 2755 1399 2794 etiam
1442 2754 1635 2795 moribus
1665 2755 1755 2795 vita
1796 2754 1904 2795 fate-

1105 2819 1202 2852 atur
1225 2828 1232 2853 :
1254 2826 1341 2865 per.

1176 2918 1190 2939 3
1215 2917 1265 2963 [ii.
1290 2916 1452 2962 13—18.]

1178 2965 1189 2986 4
1216 2966 1275 2999 die
1299 2966 1348 2999 18.
1369 2966 1409 2999 2'72
1427 2977 1473 2999 m.
1493 2964 1535 2999 V.
1582 2964 1642 2999 die
1662 2964 1727 2999 28:
1746 2965 1789 2998 R.
1806 2964 1843 2997 P.
1860 2965 1903 2998 A.
