1916 3243
941 176 1083 216 xxviii

245 301 466 355 praecedit,
488 300 671 341 habebit
694 301 869 354 primaS,
889 307 931 341 et
956 301 1167 341 secundas
1188 300 1388 354 vesperas
1408 301 1790 355 sequentisautem

247 370 452 418 officium,
477 369 682 422 quamuis
714 369 763 409 sit
794 369 964 422 duplex
992 371 1137 410 minus
1167 370 1469 423 incipiendum
1503 370 1563 411 est
1592 384 1618 411 a
1650 376 1792 411 matu-

246 437 365 479 tino¹.
429 437 542 491 Quae
575 438 655 478 sint
687 443 838 478 autem
871 438 1065 491 duplicia
1098 439 1278 490 maiora,
1311 445 1354 479 et
1386 452 1486 492 quae
1530 439 1702 480 minora
1735 452 1794 479 ex

246 507 499 549 calendario
522 506 749 548 constabit.

381 624 425 669 ΕΙ
464 619 661 670 Qmmdffl
682 621 900 674 agendum
912 621 977 673 fit
996 621 1047 661 de
1066 620 1282 661 dominica
1291 620 1429 673 feria,
1451 621 1660 674 autfestc).

335 715 378 759 ΕΙ
414 713 465 752 In
498 712 705 752 omnibus
731 712 977 761 dominicis,
1000 711 1074 751 nisi
1105 717 1305 752 occurrat
1334 711 1487 751 festum
1512 711 1695 764 dupleX‚
1719 717 1796 751 aut

249 781 471 834 agendum
505 780 554 821 sit
585 781 640 821 de
670 780 817 833 aliqua
840 779 1011 829 o&aua‚
1036 780 1085 821 fit
1108 780 1299 820 officium
1323 781 1378 820 de
1400 781 1632 820 dominica.
1698 779 1796 820 Fes-

247 857 340 890 tum
380 856 528 890 autem
562 849 746 903 simplex
780 850 822 889 in
855 864 906 890 ea
938 864 1168 890 occurrens
1200 850 1382 891 habebit
1414 857 1587 891 tantum
1619 850 1795 890 tertiam

249 918 497 967 lectionem,
522 926 564 959 et
592 918 697 958 nihil
729 918 859 958 aliud.
925 918 1117 971 Quando
1139 933 1242 960 vero
1272 919 1426 959 festum
1451 920 1619 973 duplex
1644 920 1798 959 incidit

249 988 291 1028 in
315 988 537 1027 dominica
560 987 728 1040 semper
751 986 797 1027 fit
821 986 1013 1027 officium
1037 988 1091 1027 de
1114 987 1221 1027 festo
1243 987 1409 1040 duplici
1433 994 1729 1040 praeterquam
1753 987 1796 1027 in

249 1056 480 1096 dominicis
504 1055 733 1102 aduentus,
759 1062 802 1095 et
826 1056 866 1095 in
899 1056 1122 1095 dominica
1152 1055 1494 1109 septuagesimae,
1516 1062 1559 1095 et
1582 1055 1797 1108 sequenti-

250 1127 331 1166 bus
354 1126 587 1166 dominicis
603 1125 735 1178 Vsque
759 1126 813 1165 ad
838 1125 1008 1178 pascha,
1027 1126 1255 1178 dequibus
1278 1126 1378 1165 vide
1401 1125 1600 1178 regulam
1624 1126 1667 1164 in
1690 1124 1797 1165 festo

251 1194 384 1236 sanGti
418 1194 613 1235 Andreae
645 1194 715 1234 fol.
739 1193 853 1235 6283.
924 1196 983 1235 Et
1010 1195 1114 1235 sicut
1144 1195 1186 1235 in
1210 1195 1276 1235 his
1300 1195 1532 1235 dominicis
1555 1195 1616 1235 ita
1639 1195 1799 1235 facien—

250 1267 355 1306 dum
384 1265 455 1313 est,
478 1265 657 1318 quando
688 1264 841 1304 festum
871 1265 1039 1317 duplex
1068 1265 1267 1305 inciderit
1295 1265 1337 1304 in
1369 1264 1474 1304 feria
1504 1270 1661 1317 quarta
1683 1264 1799 1304 cine-

251 1349 357 1374 runi.
423 1335 473 1373 In
507 1334 602 1386 alijs
626 1348 729 1373 vero
763 1333 881 1386 ferijs
914 1335 1050 1374 totius
1084 1335 1199 1383 anni,
1223 1335 1264 1374 in
1299 1334 1458 1387 quibus
1490 1333 1660 1374 nullum
1693 1333 1798 1373 inci-

250 1405 362 1444 derit
387 1404 553 1452 festum,
577 1417 655 1444 nec
680 1404 727 1444 sit
751 1405 973 1456 agendum
998 1405 1052 1444 de
1076 1404 1223 1457 aliqua
1247 1403 1415 1453 octaua,
1441 1404 1610 1457 semper
1631 1404 1800 1444 dicetur

252 1475 365 1513 idem
397 1473 600 1521 officium,
636 1474 754 1525 quod
790 1474 831 1512 in
865 1474 1088 1514 dominica
1121 1474 1398 1527 praecedenti.
1460 1473 1543 1513 hoc
1576 1472 1646 1521 est,
1680 1473 1795 1512 idem

251 1543 552 1582 inuitatorium
592 1555 691 1582 cum
728 1542 879 1594 ijsdem
918 1542 1108 1595 hymnis,
1148 1549 1190 1582 et
1233 1543 1442 1594 oratione.
1484 1543 1613 1582 tertia
1650 1548 1797 1581 autem

250 1610 380 1652 leffio
413 1612 601 1651 dicenda
633 1611 704 1661 est,
727 1626 825 1664 qufe
858 1613 1070 1665 assignata
1102 1612 1232 1653 fuerit
1265 1613 1305 1651 in
1340 1612 1591 1652 calendario
1623 1611 1800 1664 singulis

249 1681 415 1721 diebus.
480 1681 529 1720 In
561 1681 893 1734 quadragesima
922 1688 1070 1721 autem
1100 1681 1276 1734 singulis
1308 1681 1423 1733 serijs
1454 1682 1677 1734 assignatae
1701 1680 1799 1720 sunt

251 1750 437 1802 propriae
452 1750 683 1794 orationes,
702 1764 800 1802 qua}
819 1756 968 1790 tamen
988 1751 1253 1790 omittuntur
1269 1750 1447 1803 quando
1463 1749 1615 1789 incidit
1634 1748 1800 1790 festum.

251 1826 293 1859 ct
324 1819 516 1858 similiter
544 1819 763 1858 omittitur
792 1819 933 1858 oratio
965 1819 1174 1872 assignata
1206 1819 1263 1858 illi
1295 1819 1542 1867 dominicae,
1566 1819 1608 1858 in
1639 1832 1726 1871 qua
1749 1818 1798 1859 fit

252 1887 443 1927 officium
471 1887 526 1926 de
558 1886 665 1927 festo
698 1886 861 1940 duplici
891 1887 995 1939 quia
1021 1887 1142 1927 nulla
1165 1888 1296 1928 debet
1320 1887 1409 1927 fieri
1433 1887 1798 1928 commemoratio

251 1958 292 1996 in
318 1963 414 1997 toto
438 1970 567 2004 anno,
585 1962 743 2008 praeter
765 1970 851 2004 ea5‚
869 1970 967 2009 quae
986 1957 1209 2009 assignatae
1228 1957 1324 1997 sunt
1347 1957 1388 1996 in
1413 1957 1634 1997 dominica
1657 1957 1798 2010 prima

252 2026 469 2065 aduentus
493 2024 548 2064 de
570 2025 701 2064 beata
722 2024 901 2077 virgine.
926 2030 1005 2065 etc.
1029 2024 1082 2065 fo.
1107 2022 1188 2077 78⁴.

338 2123 381 2167 εἶ
411 2120 479 2160 De
497 2120 625 2174 festis
645 2120 899 2172 fimfflormn
932 2121 1242 2161 occurrentibus
1270 2121 1315 2161 2⁸72
1330 2120 1461 2174 festis
1481 2119 1650 2161 domini
1669 2119 1800 2161 mobi—

256 2190 379 2231 libas.

339 2279 382 2322 11
419 2275 692 2323 Notandum,
725 2275 844 2328 quod
878 2276 905 2315 si
938 2276 979 2315 in
1013 2276 1160 2316 triduo
1193 2282 1296 2316 ante
1327 2275 1498 2329 pascha,
1531 2281 1575 2315 et
1609 2275 1652 2316 in
1690 2275 1797 2316 festo

256 2341 613 2389 Resurrectionis,
634 2342 922 2391 Ascenfionis,
947 2344 1234 2393 Pentecostes‚
1257 2345 1499 2393 Trinitatis,
1525 2350 1568 2384 et
1592 2344 1797 2397 Corporis

254 2410 408 2451 Christi
428 2411 629 2451 inciderit
649 2412 827 2464 aliquod
845 2411 998 2452 festum
1023 2412 1219 2465 simplex,
1241 2413 1461 2452 omittitur
1482 2412 1674 2452 omnino.
1738 2411 1797 2452 Et

252 2480 385 2519 etiam
418 2480 684 2519 omittuntur
714 2480 811 2520 aliae
844 2480 951 2520 tres⁵
979 2479 1188 2521 lefftiones
1218 2482 1440 2533 assignatae
1469 2481 1511 2520 in
1542 2480 1796 2520 calendario

252 2563 330 2601 pro
355 2549 437 2589 illis
461 2549 626 2589 diebus.
681 2550 727 2590 Si
751 2558 899 2590 autem
918 2552 1152 2590 occurrerit
1176 2550 1329 2590 festum
1353 2549 1521 2602 duplex
1545 2550 1683 2602 (quod
1708 2558 1795 2589 non

253 2618 502 2670 frequenter
531 2619 724 2670 eueniet)
751 2618 1106 2659 transferendum
1141 2619 1199 2659 est
1232 2620 1275 2658 in
1308 2619 1562 2671 proximum
1590 2619 1720 2666 diem,
1752 2619 1794 2658 in

253 2701 340 2740 quo
372 2687 539 2727 nullum
574 2688 740 2728 incidat
769 2688 922 2728 festum
946 2703 954 2729 ;
992 2695 1035 2729 et
1065 2687 1215 2728 tertia6
1241 2686 1371 2728 lectio
1400 2702 1452 2728 eo
1479 2688 1551 2728 die
1577 2688 1620 2727 in
1651 2687 1796 2728 calen-

252 2756 375 2795 dario
397 2756 609 2808 assignata
631 2757 871 2797 omittetur.

301 2858 311 2878 ¹
338 2857 531 2892 matutinis
556 2870 561 2891 :
583 2858 625 2891 A.
1107 2858 1119 2878 4
1146 2859 1280 2902 vz'dep.
1302 2868 1343 2891 22
1364 2858 1477 2902 infra.

299 2906 311 2926 2
343 2905 503 2948 Quando
547 2906 586 2937 in
630 2909 838 2939 atramento
871 2905 993 2950 super
1105 2905 1117 2924 ἦ
1144 2906 1263 2939 tertiae
1287 2917 1293 2939 :
1316 2906 1355 2939 R.
1381 2906 1415 2939 P.
1432 2906 1474 2938 A.

256 2952 454 2996 Quomodo
477 2964 483 2986 :
504 2953 546 2984 R.
1106 2952 1118 2971 ⁶
1145 2952 1252 2986 tertia
1273 2964 1279 2985 2
1299 2963 1366 2986 om.
1386 2953 1428 2985 A.

302 2999 314 3019 ²³
340 2999 425 3032 vide
436 3002 474 3042 p.
496 3007 559 3040 174
578 2998 691 3041 infra.
