1981 3248
219 144 298 194 148

217 235 313 275 abis
335 234 421 275 sine
444 234 565 275 filio?
602 248 691 287 quo
713 234 912 274 sacerdos
935 234 1023 275 fine

219 293 385 334 leuita?
419 292 584 344 Xystus
606 299 755 333 autem
779 292 897 332 bono
921 306 1021 333 eum

220 351 369 391 animo
411 351 495 391 esse
540 350 675 400 iubet,
716 356 760 390 et
805 364 905 402 quae
947 350 1022 391 sibi

219 409 462 449 mandasset
486 407 704 461 perficere.
727 421 828 448 nam
852 408 956 458 sore,
976 415 1024 449 vt

219 466 260 506 se
282 467 377 520 post
399 467 593 507 triduum
617 466 876 519 sequeretur.
942 465 1023 506 Ille

217 538 322 565 vero
359 525 445 564 iam
489 524 528 563 se
570 523 794 564 thesauros
832 523 1022 564 ecclesiae

219 583 487 635 pauperibus
510 581 767 622 distribuisse
787 581 1022 634 respondit.

220 641 477 680 Praetoriaiii
512 653 642 692 porro
676 639 837 679 milites
869 640 1022 680 audito

218 699 398 738 nomine
469 697 657 738 thesauri
730 697 1020 737 Laurentium

217 762 398 809 captum
442 756 496 795 ad
541 755 841 795 Parthemium
885 756 1022 795 tribu-

218 828 323 854 num
348 814 585 854 adducunt.
633 813 789 865 Itaque
810 812 916 852 iussu
940 813 1020 852 im-

217 872 432 924 peratoris
461 872 725 911 Laurentius
748 871 1020 923 torquendus

216 929 456 970 Valeriano
474 930 672 978 traditur,
689 929 830 969 donec
848 928 1019 969 thesau-

218 1002 313 1027 rum
337 988 506 1041 prodat.
570 986 658 1039 Qui
688 987 794 1027 dum
820 987 875 1026 ab
905 986 1018 1039 Hip-

217 1045 371 1098 polyto
419 1045 461 1085 in
505 1058 676 1084 carcere
718 1044 1018 1094 custodiretur,

216 1117 303 1143 non
322 1104 513 1143 cessabat
536 1103 851 1155 praedicatione
869 1116 918 1142 ac
939 1103 1019 1142 mi-

216 1161 373 1201 raculis
405 1161 534 1201 editis
565 1160 720 1201 Christi
754 1160 886 1200 fidem
920 1174 1018 1213 pro-

215 1233 392 1272 pagare.
456 1219 573 1258 Nam
613 1218 802 1258 Lucillio
840 1219 1016 1258 cuidam

215 1278 288 1329 qui
331 1277 547 1330 plorando
586 1276 628 1315 in
668 1289 839 1315 carcere
876 1276 1017 1316 suerat

214 1335 476 1383 obczecatus,
510 1334 704 1374 credenti
743 1333 878 1373 visum
917 1348 1016 1386 pro-

216 1393 338 1441 misit,
359 1406 409 1432 ac
431 1406 508 1445 per
530 1391 796 1444 baptismum
821 1391 1015 1432 restituit.

217 1451 606 1503 Hippolytumque
629 1449 767 1502 ipsum
792 1462 891 1488 cum
911 1450 1015 1490 stix.

215 1509 306 1548 eius
326 1508 504 1548 familiae
526 1508 781 1547 hominibus
800 1508 855 1547 ad
877 1507 1015 1548 Chris-

213 1573 307 1606 tum
327 1566 556 1607 conuertit.
602 1563 846 1605 Produ6³ms
866 1572 1014 1605 autem

214 1631 260 1665 vt
297 1624 522 1665 thesauros
554 1624 772 1676 proderet,
804 1623 1016 1676 ipsorum-

213 1697 298 1735 que
341 1682 543 1722 redderet
584 1682 800 1722 rationem
846 1696 854 1721 ε
895 1682 1014 1734 quod

213 1739 379 1780 suetum
403 1746 495 1780 erat
518 1739 732 1792 exposuit,
755 1738 883 1791 seque
907 1753 1015 1792 pau-

213 1799 390 1851 peribus
450 1797 576 1849 Xysti
639 1797 913 1844 mandatum,
971 1802 1015 1837 et

215 1856 371 1896 Chi-isti
394 1853 641 1895 dostrinam
665 1854 858 1894 secutum
878 1854 1015 1894 distri-

213 1914 359 1953 buisse.
422 1912 559 1953 Tuml
591 1926 693 1952 vero
726 1912 848 1951 simul
883 1926 1013 1965 prop-

213 1978 279 2011 ter
320 1971 572 2011 distributos
614 1970 850 2019 thesauros,
891 1970 1013 2010 simul

213 2028 557 2082 propterChristi
573 2028 892 2076 consessionem,
904 2027 1013 2067 scor-

213 2088 418 2140 pionibus
447 2087 650 2139 primum,
678 2086 839 2125 deinde
867 2086 1011 2138 virgis,

213 2152 305 2185 tum
330 2145 570 2198 plumbatis
588 2143 772 2197 flagellis
791 2143 1013 2183 saeuissime

212 2204 407 2243 creditur.
478 2202 648 2255 Quibus
706 2201 1013 2254 patientissime

211 2261 408 2300 toleratis
434 2274 533 2300 cum
562 2259 586 2299 a
617 2259 702 2299 fide
736 2259 891 2300 Christi
925 2273 1012 2299 non

211 2319 349 2371 posset
398 2319 549 2365 auerti,
595 2317 745 2357 ferreae
792 2317 1011 2357 craticulae

211 2377 416 2429 alligatus
449 2375 705 2416 ardentibus
742 2375 892 2427 prunis
930 2375 1006 2414 im-

211 2435 398 2487 ponitur,
423 2440 467 2474 et
496 2433 615 2473 lento
638 2433 738 2485 igne
761 2432 1011 2473 constantis-

211 2493 339 2532 simus
363 2493 405 2531 in
437 2491 522 2531 fide
545 2497 744 2539 torretur,
767 2491 907 2530 donec
931 2490 1012 2542 spi-

212 2550 343 2590 ritum
362 2549 500 2589 emisit
520 2555 676 2602 quarto
696 2549 792 2587 idus
810 2547 1009 2601 Augusti.

212 2608 347 2648 Cuius
370 2620 527 2659 corpus
551 2607 663 2646 circa
685 2606 836 2645 vrbem
868 2606 910 2645 in
940 2606 1011 2646 via

210 2666 461 2717 Tyburtina
516 2662 791 2716 Hippolytus
841 2664 1009 2703 curauit

210 2722 518 2775 sepeliendum,
548 2722 589 2760 in
624 2722 775 2773 predio
809 2721 1007 2773 Cyriacae

209 2782 364 2828 viduae,
414 2793 547 2832 quam
601 2779 672 2818 ille
725 2778 749 2819 a
800 2779 1008 2819 diuturno

208 2838 364 2878 morbo
387 2837 658 2877 liberauerat.

278 2940 289 2960 1
317 2940 423 2973 Tunc
447 2951 453 2972 ε
474 2939 516 2972 R.
536 2939 572 2972 P.
591 2939 633 2972 A.

277 2985 290 3007 2
317 2986 375 3020 die
398 2996 436 3019 12
456 2986 496 3019 in
517 2997 562 3020 m.

916 156 1192 193 AUGUSTUS.

1307 263 1351 308 {1
1389 260 1426 304 C
1425 262 1523 302 lara
1555 262 1688 317 virgo.

1362 362 1507 404 Lefflz‘o
1537 362 1634 418 ,iij².

1173 450 1288 491 Lara
1314 452 1437 505 virgo
1467 452 1726 493 sanfffissima
1757 453 1894 494 nobili

1200 509 1297 549 loco
1320 517 1424 550 nata
1446 510 1582 563 Assisij
1609 512 1746 564 (quod
1769 511 1894 564 oppi-

1092 565 1197 606 dum
1216 567 1275 607 est
1299 568 1341 607 in
1362 568 1564 622 Vmbria)
1586 569 1794 618 instituta,
1812 569 1895 609 dis-

1091 624 1322 676 ciplinam³
1337 626 1454 666 beati
1471 627 1686 667 Francisci
1707 627 1767 667 sui
1785 627 1893 667 ciuis

1091 682 1246 731 secuta,
1274 682 1434 724 relictis
1467 685 1702 725 mundanis
1733 685 1893 738 opibus

1090 740 1325 794 collegium
1360 742 1543 783 instituit
1571 756 1816 796 pauperum
1849 749 1893 783 et

1089 799 1385 852 religiosarum
1447 801 1728 841 foeminarum
1790 814 1891 841 cum

1090 858 1248 910 quibus
1272 859 1434 899 recessit
1460 859 1503 899 in
1526 859 1749 899 ecclesiam
1771 858 1891 899 beati

1090 916 1311 957 Damiani.
1382 917 1469 957 Vbi
1522 917 1710 957 mirabili
1761 916 1890 970 parfi-

1089 974 1238 1014 monia
1260 981 1303 1014 et
1333 973 1563 1016 sanffltate
1585 976 1722 1016 vitam
1752 974 1891 1027 quad-

1088 1033 1260 1084 raginta
1278 1033 1465 1073 duorum
1484 1046 1700 1073 annorum
1718 1032 1890 1085 peregit

1089 1090 1238 1131 multis
1290 1092 1423 1131 etiam
1476 1092 1605 1132 editis
1656 1090 1889 1131 miraculis.

1089 1147 1289 1200 Quorum
1323 1149 1429 1190 illud
1460 1149 1627 1190 silentio
1657 1163 1744 1189 non
1777 1162 1889 1201 prae-

1086 1207 1325 1247 tei-ibimus.
1389 1208 1521 1261 Quod
1555 1221 1655 1247 cum
1687 1213 1889 1259 tempore

1088 1265 1286 1305 Federici
1334 1266 1622 1318 imperatoris,
1668 1264 1889 1315 Saraceni,

1085 1324 1158 1376 qui
1195 1323 1372 1364 Italiam
1403 1324 1660 1372 inuaserant,
1686 1323 1886 1363 Assisium

1085 1381 1342 1430 obsiderent,
1392 1388 1435 1422 et
1482 1382 1621 1434 ipsum
1665 1382 1887 1434 virginum

1087 1439 1397 1480 monasterium
1416 1445 1737 1493 oppugnarent,
1757 1439 1887 1480 Clara

1086 1497 1188 1538 licet
1206 1503 1426 1550 aegrotans
1440 1498 1495 1537 ad
1514 1503 1688 1550 portam
1708 1497 1748 1537 se
1766 1497 1887 1538 iubet

1085 1557 1306 1611 deportari
1330 1557 1372 1596 in
1396 1556 1584 1596 hostium
1603 1553 1885 1608 conspecfitum

1085 1629 1185 1655 cum
1223 1614 1398 1667 capsula
1434 1628 1522 1667 qua
1563 1614 1884 1654 sacramentum

1085 1673 1353 1713 eucharistiae
1425 1672 1744 1721 continebatur,
1810 1671 1885 1711 vbi

1084 1730 1199 1771 hanc
1260 1744 1360 1770 cum
1425 1730 1663 1783 lachrymis
1724 1729 1885 1770 oratio-

1084 1802 1186 1828 nem
1209 1788 1374 1829 effudit.
1436 1788 1506 1828 Ne
1534 1788 1683 1828 tradas
1705 1788 1885 1828 domine

1084 1846 1230 1898 bestijs
1277 1847 1447 1886 animas
1489 1845 1750 1886 confitentes
1792 1846 1884 1894 tibi,

1085 1912 1127 1944 et
1145 1905 1311 1944 custodi
1333 1904 1521 1944 famulas
1539 1909 1637 1944 tuas
1655 1917 1764 1956 quas
1786 1918 1885 1957 pre-

1083 1963 1197 2003 cioso
1244 1963 1453 2015 sanguine
1499 1961 1728 2002 redemisti.
1800 1962 1883 2003 Cui

1083 2035 1172 2061 vox
1210 2022 1265 2061 de
1302 2020 1415 2060 coelo
1457 2021 1630 2061 reddita
1673 2019 1744 2068 est,
1782 2020 1882 2072 Ego

1083 2093 1161 2119 vos
1204 2079 1371 2132 semper
1408 2078 1661 2119 custodiam.
1724 2077 1883 2130 Itaque

1084 2137 1293 2178 Saraceni
1323 2136 1464 2177 subito
1493 2143 1657 2177 terrore
1685 2137 1880 2188 quodam

1081 2195 1275 2248 perculsi,
1309 2194 1578 2235 obsidionem
1616 2194 1802 2242 soluunt‚
1839 2200 1881 2235 et

1081 2254 1156 2306 qui
1193 2267 1340 2294 muros
1372 2253 1655 2294 ascenderant
1682 2252 1882 2292 caecitate

1081 2311 1292 2364 percusfi4,
1312 2311 1581 2352 deciderunt.
1627 2310 1763 2350 Paulo
1777 2323 1881 2350 vero

1081 2370 1177 2423 post
1200 2370 1355 2410 morbo
1378 2368 1709 2421 ingrauescente
1726 2368 1879 2408 decem

1082 2435 1125 2469 et
1158 2428 1323 2480 septem
1356 2427 1512 2467 diebus
1544 2427 1630 2466 sine
1661 2425 1750 2466 vllo
1782 2425 1880 2466 cibo

1081 2484 1269 2540 pera6tis
1307 2485 1514 2537 migrauit
1554 2484 1610 2524 ad
1648 2483 1878 2524 dominum

1080 2544 1219 2598 pridie
1243 2543 1340 2583 idus
1360 2542 1561 2595 Augusti.
1582 2547 1784 2594 tempore
1807 2542 1881 2581 In-

1081 2601 1272 2653 nocentij
1290 2601 1445 2654 quarti.
1484 2599 1572 2652 Qui
1586 2605 1879 2651 aegrotantem

1081 2660 1234 2708 inuifit,
1249 2666 1292 2699 et
1315 2658 1617 2698 eucharistiam
1637 2656 1696 2696 est
1718 2657 1880 2709 impar-

1079 2720 1196 2758 titus.
1280 2715 1426 2768 Quam
1479 2714 1744 2755 Alexander
1793 2714 1879 2767 .iiij.

1079 2789 1196 2817 anno
1228 2774 1396 2814 domini
1429 2772 1621 2814 .M.cc.lv.
1651 2771 1799 2812 retulit
1835 2773 1878 2812 in

1079 2845 1311 2874 numerum
1336 2829 1582 2871 san&arum
1605 2830 1837 2883 virginum.

1150 2935 1163 2956 ³
1189 2934 1494 2979 disciplinamque
1518 2945 1525 2967 :
1545 2933 1588 2966 R.
1608 2933 1645 2966 P.
1660 2931 1704 2965 A.

1149 2983 1161 3003 4
1187 2981 1351 3027 perclussi
1376 2993 1382 3014 ;
1403 2981 1521 3024 Rstc.
1572 2978 1723 3023 perculsi
1749 2990 1756 3013 :
1777 2979 1814 3012 P.
1834 2978 1876 3012 A.
