1981 3248
184 196 261 226 102

179 730 223 775 {I
246 727 505 768 §clausurum
526 725 713 779 historice
732 738 782 764 ex
792 722 988 777 probatis

236 784 490 826 authoribus
499 782 762 837 summatim
780 781 984 834 decerptae.

425 889 468 933 (I
493 886 743 926 Ianuarius.

238 976 282 1020 ll
315 971 351 1015 C
352 972 570 1025 z'rcuucz‘sz‘o
596 971 756 1026 Christi
779 970 932 1023 duplex

500 1028 662 1071 maius¹

179 1105 263 1146 Ad
312 1105 511 1158 vesperas.
593 1105 657 1145 Et
721 1103 986 1144 matutinum

238 1163 414 1216 Iffymuz'
465 1170 507 1203 et
554 1162 867 1202 quitatom'um
919 1161 987 1201 di-

239 1228 400 1262 cuutur
417 1221 468 1261 de
489 1221 730 1261 uatz'uitate.

505 1312 668 1353 Oratim

210 1408 297 1471 ff
320 1403 422 1452 Eus,
474 1403 547 1456 qui
605 1402 753 1443 salutis
809 1409 986 1442 aeternae

200 1488 208 1496 -
237 1460 300 1495 ³7³?
346 1462 490 1502 beatae
538 1461 692 1501 Mariae
734 1461 987 1513 virginitate

181 1521 390 1562 foecunda
412 1519 608 1559 humano
630 1519 779 1571 generi
807 1519 989 1571 praemia

182 1577 426 1632 praestitisti,
454 1578 597 1618 tribue
627 1576 875 1629 quaesumus
906 1592 913 1615 :
942 1581 989 1616 vt

183 1637 319 1690 ipsam
343 1650 422 1690 pro
445 1635 571 1675 nobis
599 1634 868 1675 intercedere
898 1634 989 1673 sen-

182 1696 345 1736 tiamus
388 1709 396 1734 :
438 1707 516 1746 per
564 1707 697 1746 quam
749 1693 989 1732 meruimus

182 1751 408 1793 amstorem
451 1751 553 1792 vitae
596 1751 806 1803 suscipere
847 1751 988 1790 domi-

183 1825 289 1851 num
336 1809 527 1850 nostrum
576 1808 719 1848 Iesum
770 1808 987 1849 Christum

183 1869 322 1909 filium
347 1875 486 1917 tuum,
508 1867 581 1920 qui
607 1874 687 1908 ete.

234 1965 381 2006 Ζζεέῖίο
402 1964 477 2018 ‚izj
499 1978 551 2004 ex
569 1964 703 2018 capite
722 1964 777 2018 jj.
800 1964 939 2005 Lucoe.

192 2044 313 2127 ET
332 2043 563 2097 postquam
582 2043 873 2083 consummati
893 2044 989 2084 sunt

303 2103 396 2142 dies
420 2100 533 2149 offro,
553 2107 600 2141 vt
622 2101 989 2141 circuncideretur

184 2174 292 2213 puer
324 2175 332 2200 :
363 2165 571 2199 vocatum
605 2158 664 2199 est
697 2173 859 2199 nomen
895 2160 988 2199 eius

186 2218 316 2258 Iesus.
346 2217 465 2270 quod
494 2223 701 2257 vocatum
732 2217 791 2257 est
824 2218 879 2257 ab
912 2231 990 2257 an-

183 2276 295 2329 gelo,
329 2275 582 2328 priusquam
617 2275 660 2314 in
690 2282 814 2316 vtero
844 2275 991 2316 conci-

184 2340 371 2388 peretur.

224 2436 268 2480 dI
291 2433 482 2486 Bastlius
501 2432 708 2485 episcopus
727 2433 942 2486 coufissor.

419 2491 564 2531 [(3έῖιό
587 2492 714 2531 tertia
722 2490 745 2532 ².

264 2562 427 2603 Asilius
499 2564 750 2617 Cappadox
817 2579 989 2618 genere,

289 2621 499 2662 Caesareae
528 2623 720 2675 primum
749 2623 792 2662 in
823 2624 895 2664 sua
925 2639 988 2665 re-

183 2679 325 2731 gione,
357 2679 518 2719 deinde
550 2680 742 2720 Athenis
780 2682 989 2731 eruditus,

184 2737 228 2776 in
279 2750 377 2776 eam
434 2738 790 2789 magnitudinem
844 2741 989 2780 omnis

183 2794 355 2847 generis
384 2792 682 2834 doctrinarum
713 2796 858 2846 euasit,
887 2811 988 2838 cum

184 2852 360 2905 egregia
379 2849 609 2893 san&itate
627 2867 634 2894 :
652 2860 697 2894 vt
717 2854 820 2895 inde
838 2857 989 2908 magni

304 3019 307 3024 .
325 2986 336 3007 ¹
364 2986 422 3021 die
441 2997 467 3021 .1
491 2988 531 3022 iu
550 2999 595 3022 m.

862 2989 875 3010 2
901 2990 960 3025 die
979 3001 1021 3027 .2.
1043 2993 1082 3026 iu
1102 3005 1145 3028 uz.

864 191 1160 224 IANUARIUS.

1055 734 1301 773 cognomen
1346 721 1573 762 inuenerit.
1642 722 1856 763 Reuersus

1056 779 1189 832 igitur
1231 779 1273 819 in
1317 780 1507 832 patriam
1553 793 1654 820 cum
1696 793 1858 833 magna

1055 837 1254 877 omnium
1273 835 1588 889 expefftatione
1612 837 1857 879 Caesaream

1054 900 1238 935 vocatur
1269 910 1277 935 :
1308 902 1356 936 vt
1387 909 1572 944 morum,
1598 909 1649 936 ac
1680 896 1858 949 pietatis

1055 952 1286 1002 institutor,
1324 954 1663 1006 moderatorque
1704 953 1808 994 esset
1849 969 1857 995 :

1056 1010 1335 1064 praesulisque
1358 1011 1533 1064 Eusebij
1559 1012 1734 1052 adiutor
1759 1025 1767 1052 :
1789 1012 1857 1052 cui

1057 1069 1260 1109 morienti
1293 1069 1336 1108 in
1369 1069 1620 1122 episcopatu
1658 1068 1858 1110 succesfit.

1057 1126 1110 1166 In
1141 1141 1230 1179 quo
1259 1126 1314 1166 slC
1341 1126 1544 1167 Valentis
1572 1127 1858 1180 Imperatoris

1056 1183 1233 1224 Arriani
1261 1184 1335 1224 fibi
1363 1184 1501 1224 infesti
1529 1182 1735 1226 traffitauit
1768 1186 1858 1226 ani-

1058 1256 1179 1282 mum
1212 1240 1451 1291 sanctitate,
1483 1248 1527 1282 et
1558 1242 1859 1296 consequenti-

1056 1300 1137 1340 bus
1170 1300 1298 1352 signis
1330 1314 1338 1340 :
1367 1306 1413 1340 vt
1445 1314 1544 1340 cum
1580 1300 1621 1340 se
1649 1301 1782 1341 vellet
1815 1301 1857 1341 in

1056 1358 1240 1398 exilium
1265 1358 1451 1406 mittere,
1474 1358 1734 1399 sententiam
1764 1372 1860 1399 mu-

1055 1422 1149 1455 tare
1186 1416 1387 1468 coegerit.
1452 1415 1571 1457 Sella
1606 1418 1736 1465 enim,
1773 1430 1860 1469 qua

1055 1473 1291 1526 gestandus
1343 1480 1437 1514 erat
1487 1473 1666 1523 Valens,
1719 1474 1860 1515 subito

1056 1529 1280 1572 confraffta
1303 1538 1346 1572 et
1369 1531 1573 1572 dissoluta
1595 1532 1665 1573 est.
1726 1533 1860 1574 Cum-

1056 1603 1142 1642 que
1194 1589 1250 1629 de
1301 1603 1423 1630 more
1474 1589 1595 1642 exilij
1651 1589 1860 1631 multam3

1057 1647 1291 1700 scripturus
1343 1648 1457 1696 esset,
1510 1647 1718 1700 perficere
1771 1661 1859 1688 non

1056 1705 1206 1755 valuit,
1242 1705 1416 1745 calamo
1456 1705 1562 1745 nihil
1604 1706 1860 1747 attramenti

1057 1763 1280 1803 reddente.
1344 1764 1547 1816 Cumque
1570 1763 1794 1812 secundus,
1817 1770 1860 1805 et

1056 1821 1211 1861 tertius
1248 1820 1443 1861 calamus
1486 1821 1568 1861 hoc
1610 1822 1860 1875 pertulisset,

1057 1884 1100 1918 et
1130 1878 1274 1918 adhuc
1303 1878 1447 1932 legem
1477 1879 1660 1932 impiam
1687 1879 1860 1920 firmare

1056 1937 1355 1985 contenderet,
1397 1943 1621 1977 commota
1662 1937 1722 1978 est
1769 1938 1860 1978 eius

1056 1995 1254 2043 dextera,
1293 2008 1479 2047 eamque
1517 1994 1658 2035 subito
1698 2001 1862 2036 tremor

1056 2052 1221 2092 inuasit.
1264 2052 1391 2092 Tunc
1415 2053 1506 2092 eius
1529 2053 1678 2093 animo
1698 2059 1860 2093 terrore

1056 2109 1252 2162 impleto,
1283 2110 1499 2150 ambabus
1533 2111 1735 2151 manibus
1768 2125 1860 2151 car-

1056 2173 1148 2207 tam
1173 2168 1300 2221 rupit.
1353 2168 1413 2208 Et
1435 2182 1535 2221 quae
1559 2182 1651 2209 nox
1673 2170 1778 2209 data
1801 2168 1860 2208 est

1057 2225 1214 2265 Basllio
1244 2226 1301 2266 ad
1330 2226 1678 2276 deliberandum,
1703 2227 1856 2266 eadem

1054 2297 1169 2323 vxor
1207 2283 1496 2336 imperatoris,
1527 2283 1648 2324 velut
1687 2284 1859 2325 tortori-

1054 2340 1137 2380 bus
1189 2342 1363 2389 tradita,
1412 2341 1641 2382 cruciatur.
1722 2342 1858 2382 Filius

1054 2412 1171 2447 verO,
1211 2399 1285 2452 qui
1329 2399 1391 2439 eis
1435 2405 1529 2439 erat
1571 2400 1735 2446 vnicus,
1780 2414 1858 2439 ex-

1055 2455 1220 2496 tinc‘ztus
1251 2472 1259 2497 ε
1288 2463 1485 2509 paternae
1508 2457 1749 2510 impietatis
1772 2471 1860 2497 cre-

1056 2514 1175 2553 ditur
1214 2515 1426 2554 exoluisse
1468 2514 1689 2568 supplicia.
1751 2514 1859 2555 Erat

1056 2579 1205 2611 autem
1237 2572 1417 2612 Basilius
1447 2572 1490 2612 in
1513 2570 1645 2622 vffi’cu,
1669 2578 1713 2613 et
1738 2572 1857 2613 cultu

1055 2629 1437 2669 abstinentissimus
1491 2646 1498 2670 :
1545 2644 1633 2670 vna
1683 2636 1856 2671 tantum

1055 2687 1204 2727 tunica
1234 2687 1273 2727 se
1307 2687 1554 2728 amiciebat.
1585 2688 1708 2728 humi
1739 2687 1857 2727 cubi-

1054 2744 1193 2785 tabat.
1217 2745 1322 2785 totis
1347 2745 1460 2798 saepe
1483 2743 1685 2785 noetibus
1707 2744 1858 2798 vigila-

1054 2801 1141 2842 bat.
1171 2803 1315 2842 omnis
1346 2816 1507 2855 expers
1538 2803 1731 2842 libidinis
1763 2808 1857 2843 tota

1053 2859 1144 2900 vita
1185 2860 1490 2913 perseuerauit.
1552 2860 1722 2900 Primus
1764 2873 1857 2900 orn-

1433 2994 1446 3015 3
1472 2994 1589 3028 multa
1614 3006 1618 3028 :
1641 2995 1679 3028 P.
