1981 3248
773 155 1068 189 JAN014RJUS.

89 239 210 280 nium
247 238 451 280 coenobia
487 235 761 290 excogitauit
800 249 809 277 ε
846 240 890 276 et

88 298 220 338 ritum
257 296 380 337 illum
417 294 734 336 monachorum
776 293 888 333 anti-

88 368 225 407 quum
248 360 380 407 atque
402 352 627 406 agrestem,
646 351 702 392 ad
725 351 888 391 formu-

89 411 178 451 lam
202 411 401 465 religioni
425 410 675 464 propiorem
699 408 888 449 reduxit.

90 468 268 522 Scripsit
290 468 430 509 multa
452 466 719 515 sanffisfime,
734 472 777 507 et
799 466 888 506 elo-

88 527 361 579 quentissime
398 541 406 566 :
443 539 574 566 nemo
611 525 729 565 enim
771 524 889 564 sacra

88 584 314 624 volumina
347 586 409 635 (vt
440 583 621 624 testatur
651 582 889 635 Gregorius

89 640 429 693 Nazianzenus,)
482 641 556 694 qui
605 640 741 680 vitam
797 639 889 679 eius

89 699 336 752 conscripslt
376 712 458 739 nec
506 697 782 750 eloquentius
824 710 888 745 eo,

90 771 170 797 nec
191 757 346 805 verius,
363 770 442 797 nec
463 756 638 797 vberius
659 754 889 795 enarrauit.

90 814 216 867 Obijt
237 821 385 855 autem
408 827 589 867 corpore
612 813 698 853 iam
721 826 799 866 per
815 812 890 852 ab·

91 872 340 912 stinentiam
362 871 621 924 consumpto
645 886 653 911 :
676 883 775 910 cum
799 870 892 910 ossi-

90 930 173 970 bus
214 943 265 970 ac
306 929 421 983 pelle
461 936 635 969 tantum
682 926 892 981 superstes

92 987 196 1028 esset
218 986 412 1028 calendis
437 986 645 1039 Ianuarij.

91 1100 135 1145 ΙῙ
157 1095 383 1137 Antherus
393 1102 510 1160 pape}
527 1102 707 1171 ulzartyr.
748 1094 893 1136 Lec‘t'z'o

410 1161 536 1195 lema
559 1186 568 1195 .

156 1239 349 1281 Ntherus
365 1239 544 1279 natione
557 1251 725 1291 graecus
744 1236 893 1277 Maxi-

205 1298 325 1338 mino
374 1298 638 1350 imperatore
687 1294 891 1349 pontifex

92 1361 275 1404 creatus,
318 1354 466 1395 statuit
511 1354 690 1407 primus,
731 1359 778 1394 vt
825 1366 892 1392 res

92 1413 224 1466 gestae
256 1419 500 1465 martyrum
532 1411 769 1464 diligenter
797 1423 894 1463 per-

93 1471 270 1524 quisitae,
293 1469 318 1510 a
339 1469 604 1522 notarijsque
626 1468 894 1520 conscriptae,

93 1529 136 1568 in
175 1528 337 1581 scrinijs
378 1526 565 1567 ecclesiae
607 1526 892 1566 reconderen-

93 1593 163 1626 tur
202 1599 210 1626 :
246 1591 426 1639 propter
467 1584 718 1624 Maximum
758 1596 894 1636 quen-

93 1645 210 1692 dam,
232 1643 306 1696 qui
330 1642 540 1695 martyrio
563 1647 796 1682 coronatus
819 1640 892 1681 est.

95 1702 210 1742 Item
232 1707 278 1741 vt
301 1700 526 1753 episcopus
543 1698 715 1739 omisso2
732 1697 894 1751 episco-

93 1766 200 1813 patu
232 1759 286 1799 ad
317 1759 452 1798 alium
482 1757 739 1797 necessitatis
762 1756 893 1797 >causa

94 1823 138 1858 et
159 1816 373 1864 Vtilitatis,
392 1829 479 1856 non
503 1814 642 1868 ipsius,
662 1814 732 1854 sed
756 1814 893 1854 credi-

93 1881 238 1916 tarum
270 1874 432 1922 ouium,
454 1872 705 1925 interposita
737 1871 893 1911 summi

93 1931 313 1986 pontificis
332 1931 598 1971 authoritate
616 1930 740 1983 possit
757 1929 894 1969 trans-

94 1990 205 2030 ferri.
284 1989 488 2029 Tandem
537 1987 731 2040 suscepto
781 2001 893 2027 mar-

94 2048 208 2100 tyrio
246 2046 289 2086 in
326 2046 580 2086 coemeterio
621 2044 785 2086 Callisti
822 2045 894 2085 via

93 2105 246 2158 Appia
275 2104 477 2157 sepelitur
502 2103 569 2156 ‚iij.
593 2116 732 2142 nonas
763 2102 894 2142 Ianu-

94 2162 185 2214 arij.
211 2175 309 2202 cum
333 2161 501 2202 sedisset
524 2174 663 2200 annos
679 2159 749 2213 ‚xj.
773 2173 894 2200 men-

95 2220 181 2261 sem
204 2232 340 2260 vnum
362 2219 456 2259 dies
478 2219 546 2271 ‚iiij
557 2217 581 2259 ³.

95 2320 139 2366 11
164 2317 225 2357 M
221 2315 369 2357 artz'na
391 2314 513 2367 virgo
532 2319 709 2389 φὶιιῑνζγν.
750 2312 896 2354 Lea-720

418 2379 543 2412 terna
568 2404 575 2413 .

211 2447 371 2488 Artina
420 2447 544 2498 virgo
597 2458 779 2485 romana
837 2459 895 2485 ex

245 2505 379 2545 nobili
421 2510 465 2544 et
506 2503 684 2556 patritia
728 2503 895 2543 familia

96 2563 338 2603 christianae
379 2561 555 2614 pietatis
594 2561 770 2613 egregia
807 2560 896 2600 cul-

96 2621 197 2669 trix,
228 2627 271 2661 et
303 2620 359 2660 ab
391 2620 568 2659 ineunte
600 2625 734 2658 aetate
768 2618 895 2657 sacris

97 2678 231 2719 literis
273 2677 436 2726 dedita,
478 2682 522 2716 et
562 2676 745 2723 erudita,
788 2675 894 2715 dum

97 2736 286 2789 sequitur
307 2734 607 2787 euangelicam
635 2731 896 2782 do&rinam‚

144 2857 155 2879 ¹
182 2858 242 2892 die
261 2867 303 2900 .3.
324 2858 364 2891 in
383 2869 429 2892 m.

144 2904 157 2925 2
183 2904 310 2938 omisso
335 2916 427 2938 :oua
451 2905 487 2938 P.

145 2951 158 2972 ³
184 2951 263 2985 dics
282 2951 341 2995 xij.
368 2963 373 2985 :
394 2952 435 2985 R.
455 2952 493 2985 Ρ.
509 2951 550 2985 Α.

1681 153 1756 194 103

956 234 1128 275 suarum
1209 234 1468 276 facultatum
1548 249 1757 288 magnam

955 298 1128 345 partem
1194 293 1460 346 pauperibus
1530 293 1758 333 distribuit.

957 349 1260 402 Quamobrem
1291 348 1406 390 fasta
1435 363 1507 391 rea
1542 351 1661 403 quod
1694 364 1759 390 re-

955 405 1060 448 licto
1082 408 1265 448 deorum
1289 407 1408 448 cultu
1432 407 1607 448 seruiret
1630 422 1758 448 nouae

956 464 1167 517 religioni,
1195 465 1250 505 ab
1279 465 1543 506 Alexandro
1573 466 1759 518 impera-

955 528 1049 562 tore
1078 523 1279 576 Apollini
1310 522 1546 564 sacrificare
1575 523 1758 570 iubetur,

957 580 1031 620 nis1
1062 581 1213 621 mallet
1243 580 1453 634 supplicia
1483 587 1759 633 mortemque

956 637 1105 678 subire.
1150 638 1262 680 Cum
1281 639 1413 691 igitur
1431 639 1474 678 in
1493 638 1579 678 fide
1603 638 1759 679 Christi

956 695 1176 748 perstaret,
1191 696 1380 749 equuleo
1396 696 1592 749 suspensa
1610 695 1758 736 ferreis

956 753 1131 805 vngulis
1160 760 1378 794 exaratur.
1408 759 1452 794 et
1481 753 1536 794 sle
1566 754 1759 794 cruciata

957 810 1000 850 in
1043 824 1261 852 carcerem
1304 811 1544 864 conijcitur,
1578 811 1605 851 s1
1648 811 1759 851 sorte

957 867 1218 909 sententiam
1236 869 1535 918 mutaret,Sed
1553 868 1758 922 postridie

957 926 1099 966 rursus
1117 926 1201 979 dijs
1219 927 1448 967 immolare
1466 926 1583 975 iussa,
1601 932 1645 967 et
1663 940 1760 979 per-

957 983 1061 1024 inde
1089 991 1348 1037 contempto
1379 984 1589 1038 principis
1622 984 1758 1037 impio

958 1041 1078 1090 iussu,
1119 1042 1340 1082 saeuisfime
1386 1048 1624 1095 torquetur,
1668 1055 1760 1081 ma-

959 1098 1090 1139 millis
1113 1099 1225 1140 ferro
1251 1099 1440 1150 laniatis,
1462 1099 1686 1152 rursusque
1715 1100 1757 1139 in

958 1171 1176 1198 carcerem
1195 1158 1442 1198 retruditur.
1488 1157 1642 1198 Paucis
1656 1170 1759 1198 vero

959 1215 1114 1255 diebus
1143 1215 1390 1262 interiectis,
1415 1214 1643 1268 desperata
1665 1228 1761 1255 mu-

957 1273 1128 1313 tatione
1184 1272 1423 1321 sententiae,
1473 1273 1516 1313 in
1575 1272 1760 1325 publicis

959 1328 1216 1382 spestaculis
1231 1329 1404 1371 obiecffia
1420 1330 1479 1371 est
1493 1329 1761 1371 immanibus

957 1387 1115 1440 bestijs,
1157 1402 1342 1441 quarum
1384 1387 1505 1429 nulla
1544 1388 1759 1441 virginem

960 1445 1125 1495 inuasit,
1157 1452 1233 1486 aut
1264 1459 1445 1499 quoquo
1477 1446 1611 1486 modo
1643 1444 1760 1486 laesit.

959 1503 1087 1543 Tunc
1101 1517 1202 1544 vero
1218 1504 1323 1544 iussu
1340 1503 1615 1557 imperatoris
1633 1508 1762 1543 extra

959 1561 1111 1602 vrbem
1154 1559 1325 1611 edu&a‚
1360 1567 1404 1601 et
1445 1561 1489 1601 in
1531 1560 1761 1602 christiana

961 1618 1221 1659 confesfione
1262 1624 1305 1659 et
1350 1620 1516 1672 pietate
1564 1618 1761 1660 constan-

961 1676 1114 1717 tissime
1137 1676 1416 1729 perseuerans
1439 1676 1583 1728 capite
1609 1673 1763 1730 pleffi-

960 1739 1032 1774 tur
1082 1734 1276 1774 calendis
1330 1733 1534 1786 Ianuarij.
1626 1733 1762 1774 Cuius

961 1805 1119 1845 corpus
1161 1791 1393 1844 sepulturae
1439 1792 1594 1832 datum
1636 1790 1696 1832 est
1737 1789 1763 1831 a

962 1847 1110 1890 san&o
1134 1849 1282 1890 calisto
1303 1863 1431 1903 papa.

1029 1967 1073 2013 ΕΙ
1106 1964 1373 2018 Telesphorus
1384 1971 1501 2017 papa
1523 1971 1699 2017 martyr.

1207 2023 1348 2063 Leflio
1369 2023 1496 2063 tertia
1503 2021 1526 2064 ⁵.

962 2100 1310 2183 TElesphorus
1361 2101 1540 2141 natione
1595 2114 1763 2153 graecus

1073 2158 1305 2198 Antonino
1349 2159 1613 2211 imperatore
1655 2171 1763 2210 pon-

960 2215 1073 2257 tifex
1089 2214 1240 2265 fafflms,
1255 2216 1487 2264 constituit,
1498 2222 1544 2256 vt
1560 2216 1764 2268 proxime

962 2279 1066 2313 ante
1092 2273 1250 2326 pascha
1279 2274 1488 2313 ieiunium
1518 2273 1764 2325 quadrage-

963 2330 1078 2370 simae
1101 2330 1401 2370 obseruaretur
1426 2344 1434 2370 :
1456 2336 1591 2383 vtque
1618 2331 1660 2370 in
1688 2343 1764 2370 na-

963 2388 1040 2428 tali
1080 2387 1233 2429 Christi
1272 2394 1359 2428 tres
1396 2387 1529 2428 missae
1572 2387 1764 2428 celebra-

965 2452 1124 2486 rentur.
1216 2446 1372 2492 Prima,
1426 2445 1571 2485 media
1622 2443 1764 2493 ῃοὸὶε,

963 2517 1063 2543 cum
1096 2503 1275 2543 christus
1308 2503 1368 2543 est
1400 2508 1529 2543 natus
1559 2502 1602 2542 in
1633 2502 1764 2542 Beth-

964 2561 1120 2601 lehem.
1217 2560 1433 2610 Secunda,
1494 2561 1537 2600 in
1598 2574 1765 2609 aurora,

964 2619 1143 2671 quando
1161 2616 1186 2658 a
1203 2618 1445 2671 pastoribus
1469 2617 1528 2658 est
1550 2618 1764 2671 cognitus,

966 2675 1197 2724 Postrema,
1226 2676 1339 2715 circa
1368 2689 1466 2716 eam
1495 2674 1648 2716 horam
1678 2689 1766 2727 qua

965 2733 1283 2786 redemptionis
1341 2733 1547 2774 humanae
1609 2732 1766 2786 myste-

1011 2857 1023 2879 4
1050 2857 1110 2892 die
1128 2867 1170 2900 ,4.
1191 2858 1231 2891 in
1251 2870 1296 2891 m.

1012 2905 1025 2925 ⁶
1052 2905 1110 2939 die
1131 2914 1158 2949 5.
1180 2905 1219 2939 in
1239 2916 1284 2939 m.
