1981 3248
199 189 279 229 104

193 268 305 309 rium
348 267 572 321 agebatur.
636 267 763 316 Item,
804 273 851 308 vt
893 273 997 308 ante

193 325 448 367 sacrificium
485 332 726 374 caneretur,
759 325 911 366 Gloria
952 325 995 365 in

193 384 374 425 excelsis
392 384 487 425 deo.
530 384 896 425 Ordinationibus
911 383 996 436 .iiij.

194 442 340 483 mense
363 442 598 482 Decembri
627 441 789 482 habitis
818 440 995 495 presby-

193 507 312 541 teros
340 514 424 541 .Xv.
456 500 667 540 diaconos
689 499 805 552 xvij.
833 499 996 552 episco-

193 572 275 611 pos
297 557 400 611 xiij.
423 557 598 599 creauit.
627 571 727 598 cum
758 563 906 597 autem
937 556 995 597 se-

193 616 320 656 disset
348 629 488 656 annos
517 615 589 668 .xj,
619 615 787 655 menses
809 615 879 667 ‚iij.
901 614 996 654 dies

194 673 318 726 xxij.
342 673 554 726 martyrio
582 679 818 713 coronatus
847 672 918 721 est,
944 685 995 713 ac

194 731 238 771 in
270 731 489 772 Vaticano
526 731 718 784 sepultus
755 730 883 771 nonis
927 730 995 770 Ia-

194 802 347 842 nuans

195 901 239 946 G]
262 897 515 952 Epiphania
536 897 712 945 domini,
733 896 887 950 duplex
907 911 997 937 ma-

252 956 323 996 ius
365 954 423 997 et¹
463 955 587 996 habet
633 956 840 996 obtentam.
920 954 1003 995 Ad

252 1013 451 1067 vesperas.
510 1013 725 1066 Hymnus.

208 1130 219 1167 λ.
239 1117 281 1181 {⁸3
299 1132 309 1175 [ρ
330 1122 446 1164 Ostis
472 1122 675 1162 Herodes
698 1121 831 1174 impie
857 1120 999 1162 Chris-

209 1168 310 1214 (Ἦ)
358 1187 452 1221 tum
493 1180 642 1220 venire
683 1180 789 1232 quid
836 1179 997 1219 times?

194 1240 298 1279 Non
328 1239 456 1292 eripit
480 1237 682 1278 mortalia
712 1253 720 1278 :
751 1236 837 1290 Qui
862 1250 997 1290 regna

194 1298 272 1338 dat
294 1296 496 1337 coelestia.

254 1355 386 1395 Ibant
436 1353 567 1406 magi,
606 1367 741 1406 quarn
783 1352 997 1400 viderant,

195 1412 380 1454 Stellam
406 1411 634 1463 sequentes
661 1411 883 1463 praeuiam,
909 1410 996 1450 Lu-

196 1484 296 1511 men
335 1470 561 1523 requirunt
599 1469 765 1509 lumine
803 1483 810 1508 :
850 1469 995 1508 Deum

192 1528 386 1569 fatentur
409 1541 600 1567 munere.

254 1587 452 1627 Lauacra
475 1586 570 1638 puri
593 1584 779 1637 gurgitis
810 1583 995 1624 coelestis

193 1658 334 1697 agnus
357 1644 505 1696 attigit
529 1658 536 1682 ε
561 1643 757 1690 Peccata,
780 1656 879 1694 quae
907 1655 994 1681 non

194 1702 353 1743 detulit
377 1717 384 1742 z
409 1702 502 1741 Nos
527 1701 749 1740 abluendo
772 1699 947 1740 sustulit.

252 1761 431 1800 Nouum
446 1772 583 1811 genus
597 1758 809 1810 potentiae
826 1773 833 1797 :
849 1756 995 1810 Aqure

192 1817 424 1858 rubescunt
474 1817 645 1869 hydriae
692 1831 699 1855 z
741 1816 996 1868 Vinumque

192 1876 297 1916 iussa
319 1875 501 1915 fundere
525 1889 532 1915 :
556 1873 750 1914 Mutauit
773 1874 891 1913 vnda
913 1873 996 1912 ori-

192 1935 353 1987 ginem.

252 1991 403 2032 Gloria
425 1989 504 2030 tibi
522 1989 701 2030 domine
721 2004 728 2029 :
750 1988 837 2042 Qui
860 2002 996 2041 appa-

193 2049 309 2090 ruisti
333 2048 464 2088 hodie
488 2047 600 2089 Cum
625 2052 761 2099 patre,
781 2053 825 2086 et
848 2044 996 2086 sancto

193 2108 341 2160 spiritu
406 2105 457 2146 In
520 2105 782 2158 sempiterna
844 2103 994 2145 secula.

192 2166 355 2206 Amen.
528 2218 531 2221 s

515 2242 677 2283 Oratio.

201 2323 389 2405 DEus,
426 2323 500 2376 qui
542 2322 754 2362 hodierna
795 2320 866 2361 die
903 2320 995 2361 vni—

295 2382 494 2434 genitum
509 2386 634 2420 tuum
649 2379 856 2432 gentibus
874 2379 995 2419 stella

192 2440 305 2480 duce
342 2438 538 2479 reuelasti
579 2451 587 2478 :
624 2438 817 2478 concede
851 2437 996 2491 propi-

191 2498 278 2538 tius
301 2512 309 2537 :
331 2503 389 2546 vt,
413 2497 487 2549 qui
511 2496 597 2536 iam
621 2502 665 2536 te
690 2509 747 2535 ex
777 2495 863 2535 fide
892 2509 994 2547 cog-

193 2555 397 2594 nouimus
422 2568 430 2594 :
452 2554 584 2606 Vsque
606 2553 662 2594 ad
691 2552 995 2605 contemplan-

193 2612 296 2652 dam
312 2612 498 2665 speciem
517 2619 604 2652 tuae
620 2611 883 2651 celsitudinis
899 2624 995 2663 per-

192 2670 406 2710 ducamur
428 2684 435 2709 :
457 2683 535 2722 per
556 2668 746 2708 eundem
770 2674 848 2708 etc.

251 2738 334 2777 Ad
365 2737 641 2777 matutinum.
677 2735 994 2776 innitatorizlnz.

194 2795 388 2838 Christus
423 2795 628 2848 apparuit
658 2793 818 2843 nobis²,
849 2794 995 2834 venite

238 2914 251 2937 1
277 2920 313 2948 et
334 2926 341 2948 ε
363 2924 430 2947 om.
453 2914 490 2947 Ρ.
509 2913 549 2948 A.

239 2961 252 2982 2
278 2960 337 2995 die
355 2961 385 2995 6.
407 2961 447 2994 in
465 2972 510 2993 m.

238 3008 251 3029 3
277 3006 325 3052 [ii.
352 3005 489 3052 1—12.]

885 187 985 221 IAN
985 189 1109 222 UARI
1112 191 1177 224 US.

1065 268 1312 310 adoremus.
1402 268 1618 321 Hymnus.
1717 267 1867 309 Hostis

1069 327 1283 376 Herodes,
1316 333 1365 367 vt
1380 327 1529 380 stapra.

1064 428 1142 469 Ex
1151 428 1283 483 capite
1296 429 1349 483 ,zj
1366 428 1428 469 M
1424 427 1575 470 attlzcei
1581 425 1606 469 ³.
1635 426 1671 468 L
1679 426 1778 468 eez’io
1794 425 1867 480 jij.

1145 522 1233 562 Vm
1256 527 1385 562 natus
1409 521 1512 561 esset
1537 519 1655 560 Iesus
1672 519 1715 559 in
1734 517 1868 559 Beth-

1176 578 1319 619 lehem
1350 578 1475 619 Iudae
1504 579 1546 617 in
1576 578 1869 630 diebus...per

1064 635 1197 677 aliam
1220 638 1337 678 viam
1362 636 1514 677 reuersi
1538 635 1635 676 sunt
1657 635 1701 675 in
1729 635 1869 688 regio-

1066 708 1167 735 nem
1192 694 1322 735 suam.

1067 799 1111 844 (I
1161 796 1386 837 Lucz'anus
1425 795 1648 849 presbyter
1689 800 1873 847 martyr..

1302 855 1447 896 Leaio
1478 852 1635 896 tertz'a4.

1076 933 1412 1018 MAximini⁵
1434 934 1712 988 imperatoris
1730 933 1870 988 perse-

1212 994 1387 1035 cutione
1417 993 1460 1033 in
1492 992 1761 1034 Christianos
1792 1005 1871 1045 per

1067 1051 1313 1092 Vniuersam
1346 1051 1669 1104 propemodum
1704 1049 1868 1099 Afiam,

1066 1109 1305 1162 praesertim
1351 1108 1606 1149 Antiochiae
1652 1108 1871 1156 saeuiente,

1070 1168 1291 1208 Lucianus
1310 1167 1541 1220 presbyter
1558 1165 1869 1206 Antiochenfis

1067 1226 1351 1272 continentia,
1381 1231 1424 1265 et
1454 1225 1698 1264 eruditione
1728 1223 1867 1276 fingu-

1066 1283 1144 1323 lari
1161 1283 1272 1323 :vita
1288 1289 1330 1322 et
1340 1282 1869 1334 studijssempermartyr:

1066 1340 1404 1394 comprehensus
1442 1340 1513 1381 est.
1575 1340 1778 1392 Cumque
1811 1339 1868 1379 ad

1066 1399 1259 1439 tribunal
1302 1398 1443 1438 fuisset
1488 1397 1760 1446 constitutus,
1803 1397 1867 1437 in-

1066 1463 1272 1510 crepatus
1302 1455 1326 1496 a
1355 1457 1509 1505 iudice,
1531 1456 1650 1508 quod
1673 1456 1738 1496 vir
1765 1469 1868 1509 pru-

1065 1515 1174 1555 dens
1227 1515 1475 1567 sequeretur
1526 1511 1699 1562 seetam,
1744 1513 1868 1554 cuius

1065 1587 1153 1613 non
1195 1573 1334 1626 posset
1376 1572 1557 1612 reddere
1600 1572 1814 1611 rationem
1859 1586 1867 1611 ε

1065 1632 1171 1671 data
1202 1631 1277 1670 fibi
1310 1630 1521 1670 facultate
1554 1629 1742 1679 dicendi,
1772 1635 1865 1669 tam

1064 1688 1332 1742 eloquenter,
1363 1688 1665 1740 sapienterque
1697 1688 1751 1728 de
1780 1686 1868 1727 fide

1065 1747 1270 1795 disseruit,
1292 1752 1340 1786 vt
1369 1747 1455 1785 iam
1486 1746 1698 1798 inciperet
1727 1744 1869 1785 astan-

1065 1805 1183 1845 tibus
1221 1805 1341 1844 suam
1379 1803 1653 1856 disciplinam
1695 1802 1867 1856 persua-

1065 1863 1179 1903 dere.
1242 1861 1344 1915 Quo
1386 1862 1521 1901 iudex
1563 1860 1869 1901 animaduerso

1067 1920 1188 1960 iubet
1222 1933 1323 1960 eum
1359 1920 1401 1959 in
1437 1933 1654 1959 carcerem
1693 1918 1870 1966 retrudi,

1066 1985 1109 2018 et
1132 1977 1190 2017 ibi
1214 1978 1374 2030 absque
1397 1977 1550 2030 populi
1573 1976 1766 2017 tumultu
1794 1989 1869 2016 ne-

1066 2036 1164 2076 cari.
1189 2035 1381 2088 sepultus
1407 2035 1467 2075 est
1493 2041 1642 2075 autem
1673 2033 1868 2074 Heleno-

1067 2093 1156 2148 poli
1182 2093 1415 2146 Bithyniae,
1433 2106 1565 2146 quam
1583 2092 1748 2140 vrbem,
1767 2105 1867 2132 curn

1066 2152 1186 2205 prius
1218 2152 1427 2204 Drepana
1455 2156 1686 2191 vocaretur
1715 2150 1757 2189 in
1790 2148 1868 2190 ho-

1066 2222 1217 2250 norem
1270 2208 1441 2262 praefati
1494 2208 1698 2260 martyris
1750 2207 1866 2249 Con-

1066 2267 1280 2308 stantinus
1322 2267 1563 2319 imperator
1599 2265 1867 2313 instaurauit‚

1065 2332 1109 2366 et
1153 2339 1210 2365 ex
1253 2325 1432 2364 nomine
1477 2323 1665 2364 Helenae
1714 2323 1866 2363 matris

1065 2383 1349 2435 nuncupauit.
1428 2382 1576 2422 Passus
1617 2381 1677 2421 est
1718 2386 1867 2421 autem

1063 2440 1147 2494 .vij.
1169 2441 1266 2481 idus
1291 2439 1496 2492 Ianuarij.

1065 2542 1108 2587 ΕΙ
1128 2538 1481 2591 Paulas-primus
1495 2536 1682 2578 eremita.
1723 2535 1869 2576 Lec‘tz'o

1388 2594 1546 2636 tertia?

1148 2675 1304 2723 Aulus,
1326 2674 1350 2715 a
1372 2689 1460 2728 quo
1482 2673 1673 2727 primum
1697 2686 1868 2714 eremus

1167 2733 1355 2774 habitari
1388 2739 1536 2785 coepta
1568 2731 1638 2780 est,
1665 2745 1723 2772 ex
1754 2731 1869 2771 The-

1063 2792 1194 2833 baide
1216 2791 1417 2844 Aegypti
1436 2790 1541 2830 vrbe
1559 2790 1783 2838 oriundus,
1800 2788 1869 2829 lit-

1113 2909 1126 2931 4
1152 2910 1212 2945 die
1231 2919 1261 2953 7.
1282 2909 1320 2943 in
1340 2921 1386 2944 m.

1111 2956 1125 2978 ⁵
1154 2956 1308 2991 Maximi
1334 2957 1402 2990 :A.

1111 3004 1125 3025 θ
1150 3005 1209 3039 die
1234 3014 1283 3038 10.
1303 3005 1342 3037 in
1364 3015 1407 3037 m.
