1981 3248
216 148 296 189 144

211 227 343 268 fratre
367 233 411 268 et
435 228 589 278 sorore,
608 234 651 269 et
674 228 877 269 Marcilla
896 227 1018 281 pedi-

212 285 353 338 sequa,
376 292 420 326 et
453 287 559 326 item
594 287 860 335 Maximino,
882 285 907 326 a
930 299 1017 339 quo

211 349 306 384 tota
321 344 480 384 domus
492 345 634 385 fuerat
649 345 888 398 baptizata,
899 357 1018 384 com-

211 401 509 454 prehenditur.
573 403 632 443 Et
663 402 707 442 hi
738 416 892 442 omnes
915 415 1016 442 cum

211 459 308 512 alijs
352 460 652 513 compluribus
695 460 934 501 christianis
972 460 1015 499 in

212 517 315 557 naui
334 518 528 571 quadam
552 519 849 571 imponuntur.
903 517 1016 570 Quae

212 576 339 615 nauis
391 576 457 628 (vt
507 577 721 616 traditum
774 576 851 629 est)
895 576 1017 624 velis,

212 634 355 682 remis,
404 634 620 687 clauoque
661 633 862 687 spoliata,
907 634 1016 673 mari

211 691 516 739 committitur,
570 698 617 732 vt
678 706 832 732 omnes
899 690 1017 732 ῐειξὶο

212 749 442 801 naufragio
503 750 709 803 perirent.
793 750 1015 791 Caeterum

212 807 296 846 deo
330 807 604 859 gubernante
637 807 867 848 Massiliam
898 808 1015 847 inco-

212 864 342 904 lumis
365 864 590 918 applicuit,
615 865 716 919 Quo
739 865 949 905 miraculo
972 870 1016 905 et

214 921 433 963 diffitorum
444 921 688 963 sanetorum
702 923 1018 977 praedicatione

213 980 493 1020 Massilienses
510 981 714 1033 primum,
732 982 892 1021 deinde
914 982 1017 1021 vici-

212 1038 255 1077 ni
272 1038 422 1091 populi
439 1039 493 1078 ad
505 1039 637 1079 fidem
650 1039 804 1080 Christi
824 1038 1015 1079 conuersi

212 1096 320 1138 sunt.
372 1096 551 1136 Martha
586 1097 719 1149 igitur
746 1111 845 1137 cum
876 1097 1017 1136 Massl-

212 1154 281 1194 liae
299 1155 497 1194 omnium
518 1155 559 1194 in
580 1155 619 1194 se
643 1155 814 1194 animos
838 1161 1017 1207 propter

213 1212 424 1252 eximiam
436 1211 711 1253 sanotitatem
729 1213 1017 1260 conuertisset,

212 1284 313 1310 cum
338 1270 486 1310 multis
509 1270 810 1310 honestissimis
830 1271 1019 1310 mulieri-

212 1328 294 1368 bus
318 1327 359 1367 in
387 1328 648 1367 monasterio
672 1329 790 1381 quod
821 1328 911 1380 ipsa
943 1342 1017 1368 cu-

213 1386 327 1426 rauit
383 1385 708 1435 aedificandum,
761 1385 1019 1426 saiiffitissime

212 1444 337 1484 vixit.
391 1450 668 1496 mortemque
716 1444 827 1496 obijt
879 1443 1019 1483 multo

213 1508 318 1542 ante
349 1500 373 1541 ἐι
408 1501 447 1541 se
480 1503 799 1555 precognitam,
823 1508 865 1542 et
889 1502 1019 1542 mira-

212 1559 320 1599 culis
344 1559 601 1600 illustratam
625 1566 783 1613 quarto
812 1559 1020 1601 calendas

212 1617 414 1671 Augusti.

536 1709 699 1749 07'112‘2‘0.

218 1790 566 1872 OMnipotens
594 1790 921 1830 clementissime
944 1790 1018 1830 de-

336 1862 398 1896 us,
421 1849 543 1887 cuius
567 1847 681 1887 filius
700 1849 741 1887 in
762 1849 857 1888 aede
875 1849 1017 1888 beatae

214 1905 404 1946 Marthae
434 1905 642 1958 hospitari
666 1906 875 1958 dignatus
902 1905 979 1945 est¹
1004 1920 1013 1946 :

213 1964 271 2003 da
312 1963 562 2016 quaesumus
602 1969 650 2003 vt
693 1965 784 2003 eius
836 1964 1017 2013 meritis,

213 2035 313 2074 quae
347 2021 469 2061 illum
503 2021 676 2074 placide
710 2021 891 2073 suscepit
932 2035 940 2062 z
975 2022 1017 2061 in

214 2080 311 2119 aede
333 2079 534 2132 polorum
559 2079 895 2120 misericorditer
921 2079 1019 2119 hos-

213 2138 342 2190 pitari
384 2136 612 2178 valeamus

214 2201 294 2235 etc.

657 2151 664 2178 :
707 2150 785 2190 per
826 2138 1015 2177 eundem

493 2305 533 2345 A
543 2305 726 2358 agustus.

216 2400 260 2445 dl
306 2397 486 2439 Vincula
517 2398 668 2450 sanc‘h'
704 2398 834 2438 Petri
871 2398 1023 2452 duplex

273 2456 427 2497 minus.
489 2457 571 2496 Ad
594 2456 786 2508 vesperas
812 2463 853 2497 et
880 2463 1020 2497 matu-

273 2514 425 2555 tinum.
487 2514 703 2566 Hymnus.

301 2592 434 2633 Etrus
466 2593 621 2633 beatus
659 2599 915 2634 catenarum
958 2593 1020 2634 la-

331 2664 468 2702 queos
493 2650 663 2692 Christo
695 2651 874 2692 iubente
903 2653 1020 2705 rupit

217 2708 474 2748 mirabiliter
526 2724 533 2748 :
587 2708 740 2750 Custos
785 2709 924 2758 ouilis,
977 2716 1020 2750 et

287 2857 298 2878 ¹
325 2869 363 2892 es
385 2870 392 2892 :
412 2858 450 2892 P.

285 2904 298 2925 ²⁷
323 2912 390 2939 etc.
411 2904 494 2938 add.
518 2905 558 2938 R.
578 2906 613 2938 P.
632 2906 673 2939 Α.

285 2951 298 2972 ‘³
325 2952 383 2985 die
406 2962 431 2985 Ι.
452 2953 491 2984 in
510 2963 555 2985 m.

917 153 948 183 A
959 152 1023 184 UG
1029 151 1088 184 US
1092 152 1125 182 T
1126 152 1185 183 L'S
1185 176 1191 183 .

1085 225 1241 268 doctor
1277 227 1478 278 ecclefiae,
1516 228 1752 282 Pastorque
1793 243 1887 282 gre-

1084 285 1163 337 gis,
1214 285 1495 327 conseruator
1546 287 1696 327 ouium
1748 286 1887 328 Arcet

1084 343 1288 396 luporum
1311 344 1607 385 truculentam
1631 345 1809 385 rabiem.

1143 401 1294 442 Gloria
1330 402 1414 442 deo
1457 416 1535 455 per
1576 402 1786 443 immensa
1828 403 1889 443 se-

1085 458 1222 499 cula:
1257 459 1325 501 Sit
1367 460 1447 500 tibi
1491 466 1595 500 nate
1636 461 1796 501 decus..
1843 466 1887 501 et

1084 517 1317 570 imperium
1371 533 1379 557 :
1430 518 1599 566 Honor,
1643 518 1835 571 potestas
1880 532 1888 558 z

1084 573 1322 628 sanc'toque
1364 575 1529 628 spiritui
1584 576 1652 617 Sit
1701 576 1887 616 trinitati

1085 632 1197 673 salus
1221 633 1450 673 indiuidua
1474 634 1555 674 Per
1577 633 1749 674 infinita
1772 633 1888 674 secu-

1084 690 1226 731 lorum
1250 690 1402 731 secula.
1464 690 1627 732 Amen.

1406 783 1569 825 Orafz‘o.

1090 853 1281 935 DEus,
1332 853 1405 905 qui
1464 853 1644 918 beatum
1695 853 1888 918 'Petrum

1205 910 1450 963 apostolum
1484 925 1508 951 a
1540 911 1727 952 vinculis
1767 911 1889 951 abso-

1082 968 1224 1009 lutum
1248 968 1429 1009 illaesum
1457 969 1577 1009 abire
1600 969 1733 1009 fecisti
1764 983 1771 1009 :
1793 969 1888 1009 nos-

1083 1033 1251 1067 trorum
1284 1026 1533 1079 quaesumus
1575 1026 1754 1067 absolue
1794 1028 1887 1068 vin-

1082 1085 1180 1124 cula
1198 1091 1479 1137 peccatorum
1505 1098 1513 1125 :
1536 1091 1579 1125 et
1598 1086 1748 1125 omnia
1773 1085 1890 1125 mala

1084 1141 1109 1182 a
1156 1142 1283 1182 nobis
1335 1143 1601 1196 propitiatus
1643 1143 1834 1184 exclude
1878 1159 1886 1183 :

1084 1214 1161 1254 per
1184 1206 1264 1241 etc.

1086 1306 1129 1350 ΕῙ
1164 1303 1247 1343 Ad
1274 1304 1541 1344 maluliumn
1572 1304 1890 1346 inuz'lalorimn.

1087 1361 1258 1414 Regem
1279 1361 1602 1414 apostolorum?
1635 1363 1779 1403 [16ίῖίο
1798 1361 1889 1416 ,z'z'j³.

1166 1442 1253 1482 Vm
1288 1442 1492 1482 Herodes
1522 1442 1743 1482 occidisset
1767 1442 1891 1482 Iaco-

1197 1501 1304 1541 bum
1348 1499 1525 1540 sratrem
1570 1500 1749 1540 Ioannis
1796 1501 1892 1540 ani-

1087 1558 1370 1598 maduertens
1386 1558 1428 1598 id
1441 1558 1890 1610 essegratuqudaeis‚

1087 1616 1381 1668 apprehendit
1396 1630 1571 1669 quoque
1591 1617 1779 1657 Petrum.
1833 1617 1891 1656 E-

1088 1680 1186 1714 rant
1209 1679 1370 1721 autem,
1386 1680 1433 1713 vt
1456 1674 1515 1714 est
1534 1675 1575 1714 in
1595 1672 1702 1714 aenis
1720 1674 1891 1728 aposto-

1087 1731 1228 1771 lorum
1261 1732 1354 1771 dies
1387 1745 1658 1784 azymorum,
1687 1732 1891 1772 tradidit-

1087 1803 1172 1842 que
1194 1794 1406 1842 quattuor
1427 1790 1792 1842 quaternionibus
1811 1791 1889 1829 mi-

1087 1847 1214 1887 litum
1264 1848 1318 1886 ad
1372 1846 1889 1888 custodiendum4...vbi

1087 1911 1211 1945 erant
1240 1904 1365 1945 multi
1397 1905 1666 1957 congregati,
1690 1911 1733 1945 et
1763 1919 1890 1946 oran-

1087 1970 1164 2004 tes,

1154 2067 1198 2111 &I
1236 2064 1478 2117 Stephanus
1497 2072 1617 2118 papa
1650 2072 1827 2119 mareyna

1319 2122 1464 2163 Lcffl'o
1496 2123 1625 2163 tertia
1634 2122 1656 2163 ⁵.

1091 2189 1400 2273 STephanus
1418 2192 1560 2244 patria
1576 2205 1782 2233 romanus
1798 2193 1890 2233 Va-

1190 2249 1339 2289 leriani
1371 2256 1413 2289 et
1439 2249 1628 2290 Gallieni
1652 2250 1891 2303 imperato-

1088 2320 1183 2346 rum
1207 2312 1407 2360 tempore
1425 2307 1594 2347 summo
1613 2308 1889 2360 pontificatui

1089 2363 1334 2418 praesec'tus,
1358 2365 1553 2413 instituit,
1576 2372 1622 2406 vt
1645 2365 1889 2407 sacerdotes

1089 2429 1132 2463 et
1155 2422 1301 2462 leuitae
1324 2422 1537 2476 nusquam
1555 2423 1682 2463 sacris
1699 2423 1889 2464 vestibus

1088 2486 1324 2528 vterentur‚
1343 2480 1416 2520 nifi
1439 2481 1482 2520 in
1506 2481 1683 2521 ecclesia
1700 2487 1744 2521 et
1761 2481 1889 2522 sacris

1089 2538 1351 2591 peragendis
1396 2553 1403 2577 :
1446 2552 1500 2578 ne
1546 2538 1657 2579 forte
1710 2539 1885 2592 (inquit)

1089 2593 1339 2649 pleetantur
1356 2609 1502 2648 poena,
1522 2609 1656 2648 quam
1677 2595 1890 2637 Balsasar⁶

1090 2667 1168 2693 rex
1201 2652 1443 2705 Babylonis
1473 2653 1641 2703 subiuit,
1665 2667 1765 2694 cum
1788 2654 1889 2694 vasa

1090 2711 1206 2751 sacra
1235 2711 1474 2763 prophanis
1503 2711 1705 2751 manibus
1731 2718 1888 2752 attrec-

1158 2860 1171 2881 ⁴
1197 2859 1278 2895 A&
1298 2860 1356 2895 xii.
1377 2871 1501 2903 4—12.

1158 2908 1171 2925 ⁵
1197 2908 1256 2940 die
1275 2918 1304 2941 2.
1326 2909 1364 2941 in
1385 2920 1429 2942 m.

1159 2954 1171 2974 '⁵
1199 2955 1364 2988 Baltasar
1386 2966 1391 2989 :
1412 2956 1454 2990 A.
