1981 3248
159 110 237 160 136

150 206 360 259 quoniam
403 207 616 248 exaudita
654 207 713 248 est
748 208 955 261 depreca-

153 265 216 304 tio
253 264 359 305 tua¹.
401 279 517 306 vxor
552 265 777 306 Elisabeth
815 266 956 319 pariet

154 322 233 362 tibi
271 322 408 363 filium
447 339 454 363 :
490 330 533 364 et
574 324 751 364 vocabis
794 337 955 363 nomen

153 381 245 419 eius
281 380 506 422 Ioannem.
569 381 664 421 Nec
696 381 833 421 solum
866 395 955 429 vos,

154 437 224 477 sed
273 438 399 479 multi
441 444 655 492 praeterea
696 437 776 479 ob2
827 439 956 492 ipsius

153 502 297 535 ortum
356 498 626 549 gaudebunt.
691 497 786 537 Erit
838 498 955 537 enim

154 567 340 606 magnus
373 569 519 595 coram
553 554 736 594 domino
767 571 774 595 :
804 555 954 594 vinum

153 618 197 651 et
223 611 397 651 siceram
433 626 517 652 non
553 612 686 661 bibet,
710 619 752 652 et
786 612 954 665 Spiritu

153 667 302 709 san5³m
336 670 577 722 replebitur
611 671 654 710 in
697 676 821 710 vtero
863 670 955 723 ipso

154 728 305 767 matris
345 727 441 776 suae,
479 734 523 768 et
558 728 722 768 multos
765 728 954 768 filiorum

156 784 287 825 Israel
324 786 379 825 ad
415 785 645 826 dominum
682 792 910 826 conuertet
947 800 954 827 :

153 848 196 882 et
248 843 336 895 ipse
387 845 607 896 praecedet
659 843 793 884 illum.
867 844 955 884 Re-

154 900 329 952 spondit
390 901 626 950 zacharias,
678 902 810 942 Vnde
871 902 954 942 hoc

153 958 295 1008 sciam,
318 959 392 1012 qui
416 959 549 999 senex
574 960 677 1008 sum,
703 966 745 999 et
768 974 953 1000 vxorem

152 1016 295 1056 habeo
319 1017 496 1057 senem?
540 1018 598 1058 Et
617 1018 811 1070 angelus.
855 1018 954 1070 Ego

154 1074 333 1127 (inquit)
367 1075 458 1115 sum
494 1074 684 1123 Gabriel,
720 1076 879 1123 missus,
908 1082 955 1116 vt

153 1132 246 1172 haec
289 1133 369 1172 tibi
416 1134 670 1173 nunciarem
719 1149 726 1174 :
767 1140 809 1173 et
852 1134 955 1186 quia

152 1189 259 1229 mihi
294 1204 382 1230 non
418 1191 647 1239 credidisti,
686 1197 834 1231 mutus
872 1193 954 1231 eris

152 1247 304 1295 donec,
338 1262 437 1300 quae
471 1249 688 1298 nunciaui,
712 1249 830 1290 fiant.
897 1250 954 1289 E-

150 1306 312 1357 gressus
348 1304 480 1359 igitur
513 1306 735 1346 zacharias
769 1307 824 1347 ad
864 1307 954 1360 ple-

151 1364 252 1403 bem
291 1371 418 1404 extra
457 1365 673 1417 templum
712 1363 954 1418 expefftan-

151 1427 253 1469 tem,
272 1428 315 1462 et
339 1436 507 1462 moram
531 1424 623 1463 eius
646 1423 954 1472 admirantem,

151 1479 270 1531 loqui
297 1494 385 1519 non
408 1487 593 1533 poterat.
617 1495 704 1534 quo
727 1481 953 1534 cognitum

151 1536 231 1577 suit
254 1537 393 1590 ipsum
411 1538 616 1578 visionem
634 1539 794 1579 vidisse.
840 1538 953 1579 Cum

154 1596 285 1647 igitur
317 1595 504 1648 pera<ffis
542 1596 672 1648 officij
712 1597 867 1637 diebus
910 1598 952 1636 in

151 1653 333 1693 domum
365 1654 483 1695 suam
518 1655 718 1707 redijsset,
751 1655 953 1707 concepit
986 1682 989 1683 ν

153 1711 388 1761 Elisabeth,
407 1713 524 1765 quod
546 1712 670 1752 sexto
690 1713 784 1765 post
809 1713 954 1752 mense

151 1769 268 1809 idem
311 1771 493 1821 angelus
529 1771 755 1810 nunciauit
798 1771 952 1810 Mariae

149 1827 312 1867 dicens.
353 1827 468 1868 Ecce
502 1828 725 1868 Elisabeth
763 1835 953 1880 cognata

150 1892 226 1924 tua
255 1886 459 1937 concepit
483 1885 620 1926 filium
652 1887 693 1927 in
720 1885 952 1927 senecffute.

152 1942 309 1995 Itaque
334 1943 557 1983 Elisabeth
581 1944 734 1984 videns
762 1944 951 1984 Mariam

151 1999 370 2040 salutandi
422 2001 473 2049 se,
515 2002 769 2054 visendique
810 2003 952 2055 gratia

150 2059 333 2098 domum
368 2059 495 2111 ipsius
529 2060 772 2112 ingressam,
806 2060 953 2100 excla-

150 2116 300 2164 mauit,
320 2115 582 2157 Benedisftus
606 2116 771 2157 fru&us
789 2118 952 2157 ventris

151 2174 224 2214 tui.
290 2174 348 2214 Et
375 2175 495 2223 illud,
520 2175 757 2215 Exultauit
788 2176 952 2228 gaudio

152 2232 294 2271 infans
311 2233 353 2272 in
369 2239 492 2272 vtero
509 2247 620 2273 meo.
664 2232 777 2273 Cum
802 2240 951 2273 autem

152 2290 394 2341 peperisset,
417 2297 460 2330 et
493 2289 653 2331 o&auo
685 2291 757 2331 die
788 2292 843 2331 de
875 2305 952 2331 no—

154 2348 271 2387 mine
295 2349 387 2388 nati
411 2348 728 2388 consultaretur
758 2364 765 2389 :
798 2349 952 2389 zacha-

152 2405 236 2444 rias
266 2406 574 2458 interrogatus,
596 2421 695 2446 cum
720 2406 839 2459 loqui
863 2421 951 2447 non

151 2463 299 2515 posset,
317 2463 489 2516 scripsit,
509 2464 699 2504 Ioannes
714 2464 773 2504 est
789 2478 951 2505 nomen

151 2520 253 2562 eius
318 2521 377 2561 Et
409 2522 504 2574 post
532 2522 627 2562 haec
648 2536 803 2562 vocem
836 2537 951 2563 rece-

153 2579 229 2630 pit,
252 2592 339 2631 qua
362 2579 543 2619 domino
566 2580 765 2632 quotidie
787 2581 951 2635 gratias

151 2636 323 2687 agebat

223 2846 233 2867 ¹
261 2852 297 2881 et
322 2858 327 2879 ι
348 2846 430 2880 aasz<
454 2847 489 2880 P.

222 2893 234 2913 ²¹
261 2893 308 2927 ad
332 2905 337 2927 :
361 2894 397 2927 P.
414 2895 456 2928 A.

222 2940 234 2961 5
261 2941 319 2974 die
340 2940 392 2974 26.
414 2941 453 2974 in
473 2952 517 2974 m.
573 2950 614 2983 :7
639 2953 644 2976 z
669 2943 710 2976 P.

894 131 918 160 l
922 130 1013 161 UNI
1018 130 1082 162 US.

1072 243 1256 283 loannes
1287 249 1327 283 et
1359 243 1529 284 Paulas
1568 248 1788 295 martyre&

1256 301 1401 342 Lea‘Zio
1434 300 1563 342 tertia
1572 299 1596 341 ⁸.

1080 382 1261 423 Oannes
1284 389 1327 423 et
1347 382 1507 423 Paulus
1527 382 1680 422 fratres
1699 380 1827 421 chris-

1107 440 1240 480 tianae
1282 440 1505 494 religionis
1542 439 1828 487 colentissirni‚

1024 498 1249 538 domestici
1309 499 1484 539 fuerunt
1557 497 1827 548 Constantiae

1024 555 1126 596 filiae
1182 556 1457 597 Constantini
1512 555 1672 608 magni.
1736 554 1826 596 Sed

1024 627 1124 654 cum
1151 614 1347 653 Iulianus
1371 613 1570 666 apostata
1592 613 1825 666 imperium

1024 672 1273 725 excepisset,
1299 669 1440 711 fastus
1472 671 1630 712 certior
1657 671 1738 711 hos
1768 684 1826 710 ex

1025 730 1197 782 magnis
1241 729 1536 778 facultatibus,
1578 742 1688 782 quas
1741 728 1825 768 illis

1025 787 1283 828 Constantia
1326 787 1571 840 reliquerat,
1608 800 1825 840 pauperes

1023 845 1151 894 alere,
1183 844 1452 885 occasionem
1485 845 1705 898 captabat,
1736 843 1826 884 eos-

1022 904 1125 943 dem
1161 903 1387 956 spoliandi.
1436 903 1567 943 Iubet
1593 903 1725 956 igitur
1750 915 1826 942 eos

1024 961 1106 1001 suis
1128 961 1377 1001 domesticis
1407 961 1601 1008 adscribi,
1626 974 1714 1001 non
1743 961 1822 1000 du-

1022 1019 1169 1060 bitans
1202 1019 1298 1059 illos
1341 1019 1640 1059 conditionem
1683 1018 1826 1070 religi-

1023 1077 1118 1117 onis
1141 1078 1283 1130 gratia
1306 1077 1586 1117 recusaturos.
1645 1076 1824 1129 Negan-

1022 1135 1139 1175 tibus
1192 1135 1324 1187 igitur
1365 1135 1449 1174 illis
1496 1135 1587 1175 eius
1641 1134 1681 1174 se
1733 1134 1824 1174 fore

1023 1192 1284 1232 domesticos
1319 1198 1396 1232 aut
1431 1193 1614 1233 comites
1650 1208 1657 1232 :
1692 1192 1766 1245 qui
1798 1206 1824 1232 a

1023 1250 1253 1290 christiana
1282 1251 1448 1303 pietate
1477 1250 1708 1299 defecisset,
1731 1250 1824 1302 spa-

1022 1309 1137 1348 cium
1171 1308 1324 1348 decem
1352 1309 1519 1348 dierum
1551 1308 1790 1361 praescribit
1816 1321 1824 1348 :

1023 1380 1111 1418 quo
1157 1367 1225 1406 vel
1277 1367 1492 1419 imperata
1534 1367 1737 1415 facerent,
1780 1372 1823 1406 et

1025 1424 1121 1464 loui
1170 1424 1458 1464 sacrificarent
1499 1424 1567 1464 vel
1611 1425 1651 1465 se
1692 1430 1823 1464 certae

1023 1483 1154 1522 morti
1197 1488 1415 1535 pararent.
1482 1482 1565 1535 Ipfi
1607 1496 1710 1523 vero
1752 1496 1823 1522 ac-

1023 1547 1152 1593 cepta
1175 1541 1428 1580 conditione
1459 1540 1621 1581 bonam
1652 1547 1822 1594 partem

1023 1598 1194 1638 suarum
1246 1598 1507 1638 facultatum
1559 1599 1823 1652 pauperibus

1022 1656 1274 1709 praescripto
1289 1663 1487 1708 tempore
1502 1656 1822 1697 distribuerunt.

1024 1714 1211 1754 Decima
1233 1715 1304 1754 die
1327 1714 1620 1754 Terentianus
1644 1714 1822 1766 praefec-

1022 1778 1092 1811 tus
1116 1773 1334 1824 praetoriae
1358 1772 1549 1812 cohortis
1574 1773 1731 1822 missus,
1747 1786 1822 1812 eos

1022 1829 1191 1869 inuenit
1221 1836 1410 1878 orantes,
1433 1829 1457 1869 a
1489 1844 1577 1883 quo
1609 1831 1714 1883 quid
1742 1830 1822 1870 sta-

1022 1887 1196 1927 tuissent
1220 1889 1375 1939 rogati,
1405 1901 1505 1927 cum
1539 1888 1579 1927 se
1612 1902 1690 1941 pro
1719 1902 1823 1929 vera

1021 1946 1230 1998 religione
1268 1946 1399 1985 morti
1433 1952 1611 1998 paratos
1643 1946 1726 1986 esse
1758 1960 1823 1986 re-

1021 2003 1287 2055 spondissent
1340 2018 1347 2043 :
1394 2003 1466 2043 ille
1508 2004 1603 2056 post
1644 2004 1820 2044 tertiam

1021 2059 1160 2101 nocfftis
1190 2061 1344 2101 horam
1377 2061 1420 2101 in
1453 2062 1587 2101 domo
1619 2062 1821 2114 ipsorum,

1020 2133 1075 2158 ne
1101 2119 1224 2159 fieret
1253 2118 1481 2167 tumultus,
1502 2120 1646 2172 capite
1678 2126 1822 2160 trunc-

1021 2177 1113 2217 auit
1136 2192 1143 2216 :
1166 2191 1217 2217 ac
1240 2176 1402 2217 secreto
1426 2177 1633 2229 sepeliuit,
1656 2191 1822 2217 rumor-

1021 2248 1105 2287 que
1138 2248 1215 2287 per
1247 2233 1416 2274 orbem4
1449 2235 1505 2275 ab
1537 2233 1823 2275 interfeffitori-

1020 2293 1102 2332 bus
1135 2292 1301 2345 sparsus
1336 2292 1572 2333 increbuit⁵
1606 2294 1820 2333 Ioannem

1021 2357 1064 2390 et
1089 2350 1273 2390 Paulum
1298 2351 1340 2390 in
1365 2351 1548 2390 exilium
1572 2350 1693 2391 fuisse
1723 2351 1821 2391 mis—

1021 2408 1097 2448 sos
1162 2408 1251 2449 Sed
1304 2422 1370 2447 res
1418 2409 1654 2449 enunciata
1695 2408 1755 2449 est
1796 2407 1822 2449 a

1021 2466 1311 2515 daemonibus,
1353 2466 1426 2518 qui
1476 2480 1662 2519 corpora
1714 2480 1821 2519 quo-

1023 2524 1209 2563 rundam
1252 2524 1519 2564 obsidebant.
1580 2524 1625 2564 A
1663 2525 1821 2577 quibus

1023 2581 1300 2621 daemonibus
1319 2595 1417 2620 cum
1439 2582 1691 2621 Terentiani
1708 2581 1822 2621 filius

1021 2645 1269 2685 vexaretur,
1298 2636 1455 2678 dufftus
1489 2640 1544 2679 ad
1578 2645 1820 2692 martyrum

1092 2848 1104 2870 4
1130 2848 1258 2882 vrbem
1283 2859 1288 2881 ε
1311 2848 1352 2881 R.
1371 2848 1407 2881 P.
1425 2847 1467 2882 A.

1092 2896 1104 2916 ᾖ
1131 2896 1311 2939 increpuit
1336 2895 1404 2928 :A
