1981 3248
848 168 1018 202 MAIUS.

147 250 190 294 (I
235 247 251 288 l
261 247 382 288 ’ἱὲῗον
398 253 438 287 ct
456 260 608 287 corona
630 253 850 300 martyres,

326 304 471 345 Lech'o
500 304 627 345 tertia
641 303 665 345 ¹.

99 382 306 465 VIR&
334 384 458 425 miles
492 384 726 425 Antonino
760 385 897 438 impe-

215 448 357 482 ratore
399 443 442 482 in
479 442 608 495 Syria
640 443 783 496 passus
825 443 895 483 est.

98 498 342 539 Productus
369 500 485 539 enim
519 501 574 540 ad
609 499 800 540 tribunal
834 500 897 540 iu-

96 556 202 596 dicis
227 556 480 605 Sebastiani,
504 571 605 597 cum
626 557 712 610 dijs
740 558 895 598 immo-

95 613 185 654 lare
207 620 518 663 contemneret,
534 615 786 655 immaniter
802 630 895 655 cru-

94 671 244 713 ciatur.
326 672 443 712 Nam
503 673 693 725 primurn
746 673 895 725 digitis

96 729 257 769 malleo
308 728 540 770 confractis
587 730 629 770 in
671 729 893 771 fornacem

94 786 322 827 ardentem
356 788 502 827 missus
531 788 602 836 est,
632 801 712 828 nec
744 794 894 828 tamen

95 858 120 884 a
142 843 321 885 flamma
343 845 477 886 laesus.
529 846 703 886 Deinde
725 860 895 886 veneno

95 902 268 955 sumpto
300 903 438 942 nihilo
471 904 611 955 magis
643 903 698 943 ab
735 917 787 944 eo
822 903 895 943 lae-

95 960 222 1000 ditur.
274 959 376 1012 Quo
399 961 608 1001 miraculo
630 959 770 1001 victus
793 962 895 1001 arti-

94 1017 180 1062 fex,
228 1019 302 1070 qui
353 1032 571 1058 venenum
624 1026 895 1071 porrexerat,

94 1073 253 1115 relictis
286 1075 413 1115 idolis
447 1077 503 1116 ad
541 1076 757 1117 Christum
792 1091 895 1117 con-

93 1133 239 1173 uersus
272 1133 342 1174 est.
403 1134 520 1174 Tum
542 1132 682 1175 victor
708 1134 892 1175 feruenti

93 1191 191 1231 oleo
242 1191 529 1244 perfunditur,
571 1198 704 1244 atque
755 1193 893 1232 oculis

92 1249 299 1301 priuatus.
362 1249 583 1289 Postremo
625 1250 780 1302 capitis
817 1251 893 1290 ob-

93 1307 369 1346 truncatione
406 1307 664 1359 martyrium
695 1308 893 1347 consum—

94 1364 243 1404 mauit.
318 1364 451 1405 Cuius
508 1364 716 1417 exemplo
771 1372 893 1406 mota

93 1421 275 1461 fcemina
290 1422 493 1474 quaedam
512 1422 686 1462 Corona
703 1424 893 1471 nomine,

93 1492 193 1518 cum
217 1479 383 1532 ingenti
409 1493 516 1519 voce
543 1479 760 1520 Christum
790 1494 892 1520 con-

93 1536 315 1585 clamaret,
338 1543 381 1577 et
410 1537 450 1577 se
487 1537 774 1577 Christianam
810 1539 892 1578 esse

93 1594 313 1644 fateretur,
335 1595 391 1634 ab
413 1595 569 1634 eodem
601 1595 743 1635 iudice
772 1610 892 1636 com-

92 1651 313 1704 prehensa,
346 1652 516 1692 duabus
550 1653 764 1705 proximis
799 1654 891 1706 pal-

94 1710 176 1749 mis
198 1709 239 1749 vi
263 1723 424 1762 magna
446 1710 547 1749 hinc
570 1710 671 1750 inde
688 1712 891 1759 curuatis,

93 1780 248 1806 manus
293 1774 336 1808 et
388 1767 523 1820 pedes
586 1767 890 1821 distringitur2,

93 1824 341 1877 laxatisque
357 1832 399 1865 et
415 1826 457 1864 in
469 1825 685 1865 diuersum
702 1825 892 1867 reductis

91 1882 346 1935 discerpitur
365 1897 372 1923 :
391 1888 434 1922 et
452 1883 505 1922 s1c
527 1883 684 1936 palmis
702 1882 891 1933 dissecta,

93 1940 290 1992 martyrij
335 1941 531 1993 palmam
566 1941 625 1981 est
662 1941 893 1982 consecuta

92 1998 233 2051 pridie
257 1998 354 2038 idus
378 1997 498 2050 Maij.

146 2072 190 2117 ΕΙ
222 2070 483 2111 potentiana
506 2071 640 2125 virgo.
697 2072 842 2113 Laevo

406 2128 565 2170 tertia?

177 2196 418 2237 Otentiana
439 2197 561 2249 virgo
586 2198 796 2238 Pudentis
825 2212 892 2238 ro-

207 2254 324 2293 mani
362 2254 467 2293 ciuis
508 2255 597 2294 filia
638 2269 737 2295 cum
780 2256 890 2296 miro

94 2310 892 2365 amorecoleretChristianamreligio-

94 2382 207 2416 nem,
223 2368 377 2408 orbata
392 2370 649 2421 parentibus
664 2384 763 2410 cum
779 2370 891 2411 soro-

94 2439 137 2465 re
157 2425 230 2465 sua
250 2426 449 2466 Praxede
471 2427 630 2467 assidue
653 2427 824 2480 ieiunijs
848 2434 891 2468 et

93 2483 362 2523 orationibus
388 2497 562 2532 vacans,
594 2498 725 2525 omne
758 2487 891 2538 patri-

94 2541 292 2580 monium
328 2541 400 2580 fibi
434 2555 492 2581 ex
532 2542 789 2583 haereditate
827 2557 892 2583 re—

93 2595 244 2637 lictum
286 2599 497 2648 vendidit,
539 2605 583 2640 et
624 2601 890 2653 pauperibus

93 2654 318 2696 distribuit.
384 2656 529 2696 Huius
570 2671 704 2710 opera
744 2656 770 2697 a
813 2659 890 2698 Pio

93 2726 275 2752 romano
310 2713 516 2765 pontifice
545 2720 639 2755 tota
669 2715 796 2768 ipsius
830 2716 891 2755 sa-

93 2769 213 2810 milia
243 2770 298 2810 ad
328 2770 544 2811 Christum
569 2773 774 2813 conuersa
797 2773 855 2813 est
882 2787 889 2814 :

163 2876 173 2897 ¹
202 2877 262 2911 die
280 2886 322 2919 .4.
342 2877 382 2910 in
402 2889 447 2910 m.
497 2887 536 2920 14
560 2890 565 2912 :
588 2880 629 2912 R.
646 2879 682 2912 P.
698 2880 740 2913 Α.

164 2924 176 2944 ²
202 2924 433 2967 distinguitur
455 2936 460 2957 ;
481 2926 522 2958 Α.

164 2970 176 2989 ³
204 2971 261 3003 <lie
280 2980 345 3013 ,19
367 2971 405 3004 in
426 2982 471 3005 m.

1691 167 1764 207 131

967 246 1268 301 baptizatique
1286 248 1382 289 sunt
1399 248 1617 302 vtriusque
1640 248 1767 289 sexus

968 318 1150 345 numero
1192 305 1317 358 xcvj.
1382 306 1441 346 Et
1482 319 1582 347 cum
1623 306 1767 346 Anto-

968 362 1096 402 ninus
1159 363 1260 402 Pius
1324 363 1563 416 imperator
1621 362 1767 404 edic‘to

967 420 1144 472 publico
1174 420 1390 469 sanxisset,
1424 426 1472 462 vt
1507 420 1770 461 christianis⁴

966 477 1148 529 priuatis
1209 478 1424 531 sacrificijs
1485 479 1681 519 contenti
1742 477 1767 518 a

967 534 1152 587 publicis
1184 535 1449 576 abstinerent
1484 549 1492 576 ε
1525 536 1626 576 Pius
1658 549 1766 589 pon-

965 591 1076 632 tifex
1085 607 1171 633 vna
1186 607 1284 633 cum
1304 593 1555 634 Christianis
1574 594 1616 633 in
1632 594 1766 633 domo

966 651 1237 703 potentianae
1253 651 1370 691 sacra
1388 651 1589 691 faciebat.
1641 651 1765 704 Quos

966 721 1119 747 omnes
1155 708 1278 762 virgo
1320 709 1430 749 mira
1470 709 1680 761 religione
1722 715 1765 749 et

966 766 1176 805 comitate
1193 766 1430 819 recipiebat
1448 782 1455 806 :
1473 772 1517 806 et
1534 767 1766 807 necessaria

966 823 1027 863 eis
1072 823 1433 864 subministrabat.
1498 825 1582 864 His
1634 824 1766 877 igitur

964 881 1099 932 virgo,
1123 895 1173 922 ac
1204 881 1365 922 talibus
1392 882 1576 930 virtutis,
1603 888 1647 922 et
1675 883 1765 935 pie-

965 939 1069 978 tatis
1120 939 1326 991 operibus
1367 940 1440 979 diu
1484 938 1644 988 functa,
1686 940 1764 979 mi-

965 996 1110 1048 grauit
1151 997 1207 1036 ad
1259 997 1500 1046 dominum,
1542 1003 1586 1037 et
1638 998 1764 1037 iuxta

965 1060 1136 1106 patrem
1190 1054 1310 1094 suum
1364 1054 1533 1107 sepulta
1584 1055 1643 1095 est
1693 1055 1764 1095 via

966 1111 1136 1152 Salaria
1181 1112 1224 1151 in
1266 1113 1519 1152 coemeterio
1563 1112 1763 1152 Priscillae

964 1169 1085 1222 .xiiij.
1108 1169 1315 1210 calendas
1340 1169 1466 1222 Iunij.

1061 1308 1105 1352 (I
1151 1305 1193 1346 V
1188 1305 1348 1346 rbamts
1359 1313 1476 1359 papa
1498 1312 1673 1359 marzjyr.

1207 1363 1353 1404 Lec‘JiO
1373 1363 1533 1405 tertia?

964 1448 1239 1530 VRbanus
1270 1449 1413 1502 patria
1445 1463 1662 1490 romanus.
1703 1451 1763 1490 M.

1072 1506 1325 1546 Antonino⁶
1350 1507 1614 1560 imperatore
1648 1522 1764 1548 anno

965 1564 1119 1605 Christi
1149 1564 1334 1616 ccxxvj.
1358 1565 1664 1617 pontificatum
1687 1567 1763 1606 ad-

963 1628 1101 1674 eptus,
1118 1622 1280 1662 multos
1299 1621 1538 1662 sanffltatis
1557 1623 1765 1676 exemplo

963 1686 1006 1720 et
1043 1678 1243 1719 doctrina
1284 1679 1485 1732 singulari
1532 1682 1587 1720 ad
1629 1680 1762 1721 fidem

962 1737 1173 1778 traduxit.
1236 1737 1296 1777 Et
1327 1738 1370 1777 in
1389 1737 1455 1777 his
1477 1738 1763 1778 Valerianum

962 1794 1105 1835 beatae
1138 1794 1313 1835 Ceciliae
1348 1794 1561 1847 sponsum,
1599 1802 1642 1836 et
1674 1797 1763 1848 Ty-

963 1853 1157 1892 burtium
1195 1852 1386 1893 eiusdem
1420 1853 1643 1893 Valeriani
1681 1853 1763 1894 fra-

962 1916 1074 1950 trem
1127 1925 1135 1950 :
1187 1910 1260 1962 qui
1312 1910 1461 1962 postea
1503 1912 1762 1964 martyrium

962 1967 1175 2008 constanti
1192 1968 1339 2007 animo
1354 1968 1638 2020 pertulerunt.
1675 1970 1762 2009 Hic

963 2025 1156 2074 instituit,
1187 2030 1235 2065 vt
1266 2026 1431 2078 praedia
1463 2032 1506 2066 et
1537 2026 1696 2067 fundos
1738 2041 1764 2067 a

962 2083 1164 2123 fidelibus
1206 2083 1379 2123 oblatos
1430 2083 1606 2124 ecclesia
1657 2085 1763 2124 reci-

962 2146 1084 2193 peret
1125 2154 1177 2180 ac
1217 2145 1386 2180 teneret
1428 2141 1470 2180 in
1515 2155 1761 2190 commune,

961 2204 1202 2250 prouentus
1229 2203 1377 2237 tamen
1411 2198 1577 2238 clericis
1599 2200 1760 2239 viritim

962 2255 1236 2308 partirentur.
1291 2255 1405 2296 Sunt
1422 2256 1495 2308 qui
1518 2257 1762 2297 attribuant

961 2313 1062 2353 huic
1084 2310 1405 2352 distinctionem
1423 2319 1631 2365 quattuor
1652 2320 1762 2354 tem—

962 2384 1129 2422 porum,
1167 2383 1218 2409 ac
1252 2369 1396 2421 ieiunij
1444 2383 1452 2410 :
1494 2384 1593 2411 cum
1630 2378 1761 2412 antea

961 2428 1189 2467 hominum
1209 2427 1427 2479 imperitia
1444 2428 1762 2469 confunderen-

961 2491 1041 2526 tur.
1095 2485 1289 2525 Demum
1312 2498 1411 2524 cum
1436 2484 1603 2526 sedisset
1621 2499 1759 2526 annos

962 2543 1046 2595 ,iiij.
1101 2542 1267 2582 menses
1319 2542 1472 2582 decem
1523 2543 1616 2583 dies
1669 2544 1759 2597 .xij‚

962 2601 1174 2652 martyrio
1230 2605 1464 2639 coronatus
1513 2600 1583 2649 est,
1627 2607 1670 2642 et
1716 2603 1759 2642 in

961 2657 1224 2698 coemeterio.
1264 2656 1522 2697 Praetextati
1558 2659 1628 2698 via
1671 2660 1760 2712 Ty-

961 2715 1137 2755 burtina
1182 2713 1372 2767 sepultus
1415 2715 1510 2767 .viij.
1553 2716 1759 2757 calendas

962 2773 1089 2825 Iunij.

1032 2878 1044 2899 ⁴
1072 2877 1254 2911 christiani
1281 2890 1286 2911 :
1308 2879 1349 2911 R.
1370 2879 1405 2911 Ι).
1423 2879 1464 2913 Λ.

1032 2925 1045 2944 ·’”
1071 2925 1130 2958 die
1148 2933 1214 2968 .25.
1235 2926 1274 2957 in
1295 2936 1339 2958 m.

1032 2972 1045 2992 ⁰
1071 2971 1234 3005 Antonio
1259 2972 1327 3005 ;Λ,

1530 3043 1640 3081 9-2
