<?xml version="1.0" encoding="UTF-8"?>
<!DOCTYPE html PUBLIC "-//W3C//DTD XHTML 1.0 Transitional//EN"
    "http://www.w3.org/TR/xhtml1/DTD/xhtml1-transitional.dtd">
<html xmlns="http://www.w3.org/1999/xhtml" xml:lang="en" lang="en">
 <head>
  <title>
</title>
<meta http-equiv="Content-Type" content="text/html;charset=utf-8" />
  <meta name='ocr-system' content='tesseract 3.04.00' />
  <meta name='ocr-capabilities' content='ocr_page ocr_carea ocr_par ocr_line ocrx_word'/>
</head>
<body>
  <div class='ocr_page' id='page_1' title='image "./breviariumromanu00cath_0238.png"; bbox 0 0 1981 3248; ppageno 0'>
   <div class='ocr_carea' id='block_1_1' title="bbox 216 129 293 180">
    <p class='ocr_par' dir='ltr' id='par_1_1' title="bbox 216 129 293 180">
     <span class='ocr_line' id='line_1_1' title="bbox 216 129 293 180; baseline 0 -12"><span class='ocrx_word' id='word_1_1' title='bbox 216 129 293 180; x_wconf 79' lang='lat'>178</span> 
     </span>
    </p>
   </div>
   <div class='ocr_carea' id='block_1_2' title="bbox 209 218 1022 793">
    <p class='ocr_par' dir='ltr' id='par_1_2' title="bbox 209 218 1022 793">
     <span class='ocr_line' id='line_1_2' title="bbox 209 218 1021 261; baseline -0.004 0"><span class='ocrx_word' id='word_1_2' title='bbox 209 219 393 261; x_wconf 79' lang='lat' dir='ltr'>haeresis</span> <span class='ocrx_word' id='word_1_3' title='bbox 435 225 540 260; x_wconf 90' lang='lat' dir='ltr'>tunc</span> <span class='ocrx_word' id='word_1_4' title='bbox 583 219 780 260; x_wconf 78' lang='lat' dir='ltr'>maxime</span> <span class='ocrx_word' id='word_1_5' title='bbox 831 219 874 258; x_wconf 93' lang='lat' dir='ltr'>in</span> <span class='ocrx_word' id='word_1_6' title='bbox 916 218 1021 259; x_wconf 85' lang='lat' dir='ltr'>vrbe</span> 
     </span>
     <span class='ocr_line' id='line_1_3' title="bbox 213 276 1019 329; baseline -0.004 -10"><span class='ocrx_word' id='word_1_7' title='bbox 213 280 361 319; x_wconf 89' lang='lat' dir='ltr'>Roma</span> <span class='ocrx_word' id='word_1_8' title='bbox 380 276 684 318; x_wconf 88' lang='lat' dir='ltr'>inualescebat.</span> <span class='ocrx_word' id='word_1_9' title='bbox 732 276 906 329; x_wconf 76' lang='lat' dir='ltr'>Quibus</span> <span class='ocrx_word' id='word_1_10' title='bbox 924 289 1019 329; x_wconf 93' lang='lat' dir='ltr'>per-</span> 
     </span>
     <span class='ocr_line' id='line_1_4' title="bbox 211 334 1021 387; baseline -0.005 -10"><span class='ocrx_word' id='word_1_11' title='bbox 211 334 321 377; x_wconf 71' lang='lat' dir='ltr'>ac‘tis</span> <span class='ocrx_word' id='word_1_12' title='bbox 369 335 608 376; x_wconf 77' lang='lat' dir='ltr'>Maximini</span> <span class='ocrx_word' id='word_1_13' title='bbox 656 334 764 375; x_wconf 92' lang='lat' dir='ltr'>iussu</span> <span class='ocrx_word' id='word_1_14' title='bbox 806 334 1021 387; x_wconf 88' lang='lat' dir='ltr'>martyrio</span> 
     </span>
     <span class='ocr_line' id='line_1_5' title="bbox 211 392 1021 446; baseline -0.004 -12"><span class='ocrx_word' id='word_1_15' title='bbox 211 400 447 435; x_wconf 85' lang='lat' dir='ltr'>coronatus</span> <span class='ocrx_word' id='word_1_16' title='bbox 469 394 540 433; x_wconf 87' lang='lat' dir='ltr'>via</span> <span class='ocrx_word' id='word_1_17' title='bbox 562 392 715 446; x_wconf 86' lang='lat' dir='ltr'>Appia</span> <span class='ocrx_word' id='word_1_18' title='bbox 738 392 954 445; x_wconf 82' lang='lat' dir='ltr'>sepelitur,</span> <span class='ocrx_word' id='word_1_19' title='bbox 977 392 1021 431; x_wconf 91' lang='lat' dir='ltr'>in</span> 
     </span>
     <span class='ocr_line' id='line_1_6' title="bbox 213 449 1022 502; baseline -0.005 -9"><span class='ocrx_word' id='word_1_20' title='bbox 213 452 362 494; x_wconf 89' lang='lat' dir='ltr'>Calisti</span> <span class='ocrx_word' id='word_1_21' title='bbox 395 451 662 492; x_wconf 89' lang='lat' dir='ltr'>Coemeterio</span> <span class='ocrx_word' id='word_1_22' title='bbox 689 450 770 502; x_wconf 90' lang='lat' dir='ltr'>.iiij.</span> <span class='ocrx_word' id='word_1_23' title='bbox 802 450 900 490; x_wconf 91' lang='lat' dir='ltr'>idus</span> <span class='ocrx_word' id='word_1_24' title='bbox 933 449 1022 489; x_wconf 93' lang='lat' dir='ltr'>De-</span> 
     </span>
     <span class='ocr_line' id='line_1_7' title="bbox 213 508 1022 550; baseline -0.004 0"><span class='ocrx_word' id='word_1_25' title='bbox 213 510 411 550; x_wconf 88' lang='lat' dir='ltr'>cembris.</span> <span class='ocrx_word' id='word_1_26' title='bbox 445 509 559 550; x_wconf 89' lang='lat' dir='ltr'>Cum</span> <span class='ocrx_word' id='word_1_27' title='bbox 578 522 635 548; x_wconf 83' lang='lat' dir='ltr'>ex</span> <span class='ocrx_word' id='word_1_28' title='bbox 653 509 780 548; x_wconf 88' lang='lat' dir='ltr'>sacris</span> <span class='ocrx_word' id='word_1_29' title='bbox 795 508 1022 548; x_wconf 89' lang='lat' dir='ltr'>ordinibus</span> 
     </span>
     <span class='ocr_line' id='line_1_8' title="bbox 212 565 1020 619; baseline -0.001 -11"><span class='ocrx_word' id='word_1_30' title='bbox 212 567 342 608; x_wconf 92' lang='lat' dir='ltr'>semel</span> <span class='ocrx_word' id='word_1_31' title='bbox 393 567 555 607; x_wconf 90' lang='lat' dir='ltr'>habitis</span> <span class='ocrx_word' id='word_1_32' title='bbox 607 566 887 619; x_wconf 86' lang='lat' dir='ltr'>presbyteros</span> <span class='ocrx_word' id='word_1_33' title='bbox 938 565 1020 618; x_wconf 88' lang='lat' dir='ltr'>.vij.</span> 
     </span>
     <span class='ocr_line' id='line_1_9' title="bbox 213 623 1020 678; baseline -0.004 -12"><span class='ocrx_word' id='word_1_34' title='bbox 213 627 424 666; x_wconf 89' lang='lat' dir='ltr'>diaconos</span> <span class='ocrx_word' id='word_1_35' title='bbox 442 624 507 676; x_wconf 85' lang='lat' dir='ltr'>.vj.</span> <span class='ocrx_word' id='word_1_36' title='bbox 532 624 757 678; x_wconf 91' lang='lat' dir='ltr'>episcopos</span> <span class='ocrx_word' id='word_1_37' title='bbox 776 623 861 676; x_wconf 61' lang='lat' dir='ltr'>xij.</span> <span class='ocrx_word' id='word_1_38' title='bbox 886 623 1020 664; x_wconf 93' lang='lat' dir='ltr'>creas-</span> 
     </span>
     <span class='ocr_line' id='line_1_10' title="bbox 215 683 1022 735; baseline -0.001 -12"><span class='ocrx_word' id='word_1_39' title='bbox 215 684 287 724; x_wconf 91' lang='lat' dir='ltr'>set.</span> <span class='ocrx_word' id='word_1_40' title='bbox 343 683 470 724; x_wconf 84' lang='lat' dir='ltr'>Sedit</span> <span class='ocrx_word' id='word_1_41' title='bbox 493 688 642 722; x_wconf 87' lang='lat' dir='ltr'>autem</span> <span class='ocrx_word' id='word_1_42' title='bbox 666 696 806 722; x_wconf 91' lang='lat' dir='ltr'>annos</span> <span class='ocrx_word' id='word_1_43' title='bbox 829 688 1022 735; x_wconf 89' lang='lat' dir='ltr'>quatuor</span> 
     </span>
     <span class='ocr_line' id='line_1_11' title="bbox 214 740 697 793; baseline -0.002 -11"><span class='ocrx_word' id='word_1_44' title='bbox 214 741 382 782; x_wconf 90' lang='lat' dir='ltr'>menses</span> <span class='ocrx_word' id='word_1_45' title='bbox 404 740 486 793; x_wconf 79' lang='lat' dir='ltr'>.vij.</span> <span class='ocrx_word' id='word_1_46' title='bbox 510 740 605 780; x_wconf 89' lang='lat' dir='ltr'>dies</span> <span class='ocrx_word' id='word_1_47' title='bbox 627 740 697 781; x_wconf 70' lang='lat' dir='ltr'>jx.</span> 
     </span>
    </p>
   </div>
   <div class='ocr_carea' id='block_1_3' title="bbox 211 874 1019 987">
    <p class='ocr_par' dir='ltr' id='par_1_3' title="bbox 211 874 1019 987">
     <span class='ocr_line' id='line_1_12' title="bbox 211 874 1019 929; baseline -0.001 -12"><span class='ocrx_word' id='word_1_48' title='bbox 211 881 255 926; x_wconf 68' lang='grc' dir='ltr'>(Ι</span> <span class='ocrx_word' id='word_1_49' title='bbox 307 876 530 929; x_wconf 76' lang='lat' dir='ltr'><em>Damasus</em></span> <span class='ocrx_word' id='word_1_50' title='bbox 599 883 718 929; x_wconf 70' lang='lat' dir='ltr'>papa</span> <span class='ocrx_word' id='word_1_51' title='bbox 788 874 1019 929; x_wconf 60' lang='lat' dir='ltr'>coufessost.</span> 
     </span>
     <span class='ocr_line' id='line_1_13' title="bbox 486 932 746 987; baseline 0.008 -14"><span class='ocrx_word' id='word_1_52' title='bbox 486 934 631 975; x_wconf 58' lang='lat' dir='ltr'>Leaio</span> <span class='ocrx_word' id='word_1_53' title='bbox 653 932 746 987; x_wconf 59' lang='lat' dir='ltr'><em>jg&#39;j2.</em></span> 
     </span>
    </p>
   </div>
   <div class='ocr_carea' id='block_1_4' title="bbox 214 1020 1021 2752">
    <p class='ocr_par' dir='ltr' id='par_1_4' title="bbox 219 1020 1020 1104">
     <span class='ocr_line' id='line_1_14' title="bbox 219 1020 1020 1104; baseline -0.002 -43"><span class='ocrx_word' id='word_1_54' title='bbox 219 1020 495 1104; x_wconf 84' lang='lat' dir='ltr'>DAmasus</span> <span class='ocrx_word' id='word_1_55' title='bbox 523 1034 639 1074; x_wconf 90' lang='lat' dir='ltr'>papa</span> <span class='ocrx_word' id='word_1_56' title='bbox 668 1021 847 1061; x_wconf 88' lang='lat' dir='ltr'>natione</span> <span class='ocrx_word' id='word_1_57' title='bbox 879 1020 1020 1073; x_wconf 88' lang='lat' dir='ltr'>hispa-</span> 
     </span>
    </p>

    <p class='ocr_par' dir='ltr' id='par_1_5' title="bbox 214 1078 1021 2752">
     <span class='ocr_line' id='line_1_15' title="bbox 334 1078 1020 1132; baseline -0.001 -13"><span class='ocrx_word' id='word_1_58' title='bbox 334 1093 426 1128; x_wconf 90' lang='lat' dir='ltr'>nus,</span> <span class='ocrx_word' id='word_1_59' title='bbox 450 1079 525 1132; x_wconf 86' lang='lat' dir='ltr'>qui</span> <span class='ocrx_word' id='word_1_60' title='bbox 557 1078 715 1119; x_wconf 87' lang='lat' dir='ltr'>Iuliani</span> <span class='ocrx_word' id='word_1_61' title='bbox 743 1078 1020 1131; x_wconf 89' lang='lat' dir='ltr'>imperatoris</span> 
     </span>
     <span class='ocr_line' id='line_1_16' title="bbox 214 1136 1019 1190; baseline -0.002 -13"><span class='ocrx_word' id='word_1_62' title='bbox 214 1143 416 1190; x_wconf 89' lang='lat' dir='ltr'>tempore</span> <span class='ocrx_word' id='word_1_63' title='bbox 477 1137 653 1190; x_wconf 85' lang='lat' dir='ltr'>praefuit</span> <span class='ocrx_word' id='word_1_64' title='bbox 718 1136 917 1184; x_wconf 78' lang='lat' dir='ltr'>ecclefiae,</span> <span class='ocrx_word' id='word_1_65' title='bbox 976 1137 1019 1176; x_wconf 90' lang='lat' dir='ltr'>in</span> 
     </span>
     <span class='ocr_line' id='line_1_17' title="bbox 215 1193 1018 1247; baseline 0 -13"><span class='ocrx_word' id='word_1_66' title='bbox 215 1195 392 1247; x_wconf 89' lang='lat' dir='ltr'>publico</span> <span class='ocrx_word' id='word_1_67' title='bbox 411 1194 598 1235; x_wconf 90' lang='lat' dir='ltr'>concilio</span> <span class='ocrx_word' id='word_1_68' title='bbox 616 1193 818 1247; x_wconf 89' lang='lat' dir='ltr'>adulterij</span> <span class='ocrx_word' id='word_1_69' title='bbox 845 1194 1018 1234; x_wconf 90' lang='lat' dir='ltr'>causam</span> 
     </span>
     <span class='ocr_line' id='line_1_18' title="bbox 215 1251 1018 1302; baseline -0.001 -9"><span class='ocrx_word' id='word_1_70' title='bbox 215 1253 343 1302; x_wconf 82' lang='lat' dir='ltr'>dixit,</span> <span class='ocrx_word' id='word_1_71' title='bbox 376 1259 420 1293; x_wconf 92' lang='lat' dir='ltr'>et</span> <span class='ocrx_word' id='word_1_72' title='bbox 450 1253 659 1292; x_wconf 79' lang='lat' dir='ltr'>innocens</span> <span class='ocrx_word' id='word_1_73' title='bbox 694 1252 916 1292; x_wconf 86' lang='lat' dir='ltr'>absolutus</span> <span class='ocrx_word' id='word_1_74' title='bbox 947 1251 1018 1301; x_wconf 90' lang='lat' dir='ltr'>est,</span> 
     </span>
     <span class='ocr_line' id='line_1_19' title="bbox 217 1309 1020 1363; baseline -0.002 -12"><span class='ocrx_word' id='word_1_75' title='bbox 217 1311 467 1351; x_wconf 90' lang='lat' dir='ltr'>Concordio</span> <span class='ocrx_word' id='word_1_76' title='bbox 490 1316 623 1363; x_wconf 87' lang='lat' dir='ltr'>atque</span> <span class='ocrx_word' id='word_1_77' title='bbox 642 1309 804 1352; x_wconf 88' lang='lat' dir='ltr'>Calisto</span> <span class='ocrx_word' id='word_1_78' title='bbox 822 1310 1020 1350; x_wconf 88' lang='lat' dir='ltr'>diaconis</span> 
     </span>
     <span class='ocr_line' id='line_1_20' title="bbox 214 1367 1021 1420; baseline 0 -12"><span class='ocrx_word' id='word_1_79' title='bbox 214 1367 557 1409; x_wconf 85' lang='lat' dir='ltr'>accusatoribus3</span> <span class='ocrx_word' id='word_1_80' title='bbox 580 1368 814 1417; x_wconf 82' lang='lat' dir='ltr'>damnatiS,</span> <span class='ocrx_word' id='word_1_81' title='bbox 837 1369 912 1420; x_wconf 85' lang='lat' dir='ltr'>qui</span> <span class='ocrx_word' id='word_1_82' title='bbox 942 1368 1021 1408; x_wconf 86' lang='lat' dir='ltr'>fal-</span> 
     </span>
     <span class='ocr_line' id='line_1_21' title="bbox 215 1424 1020 1479; baseline 0 -13"><span class='ocrx_word' id='word_1_83' title='bbox 215 1426 305 1467; x_wconf 91' lang='lat' dir='ltr'>sum</span> <span class='ocrx_word' id='word_1_84' title='bbox 336 1428 501 1467; x_wconf 85' lang='lat' dir='ltr'>crimen</span> <span class='ocrx_word' id='word_1_85' title='bbox 531 1424 812 1474; x_wconf 73' lang='lat' dir='ltr'>detulerant4‚</span> <span class='ocrx_word' id='word_1_86' title='bbox 842 1426 1020 1479; x_wconf 84' lang='lat' dir='ltr'>lataque</span> 
     </span>
     <span class='ocr_line' id='line_1_22' title="bbox 214 1483 1021 1537; baseline 0.001 -14"><span class='ocrx_word' id='word_1_87' title='bbox 214 1484 322 1537; x_wconf 89' lang='lat' dir='ltr'>lege,</span> <span class='ocrx_word' id='word_1_88' title='bbox 340 1491 385 1525; x_wconf 83' lang='lat' dir='ltr'>vt</span> <span class='ocrx_word' id='word_1_89' title='bbox 409 1485 451 1524; x_wconf 90' lang='lat' dir='ltr'>in</span> <span class='ocrx_word' id='word_1_90' title='bbox 474 1484 693 1537; x_wconf 90' lang='lat' dir='ltr'>posterum</span> <span class='ocrx_word' id='word_1_91' title='bbox 718 1483 807 1524; x_wconf 77' lang='lat' dir='ltr'>falfi</span> <span class='ocrx_word' id='word_1_92' title='bbox 827 1484 1021 1524; x_wconf 88' lang='lat' dir='ltr'>criminis</span> 
     </span>
     <span class='ocr_line' id='line_1_23' title="bbox 214 1542 1020 1595; baseline 0.001 -13"><span class='ocrx_word' id='word_1_93' title='bbox 214 1543 432 1583; x_wconf 76' lang='lat' dir='ltr'>delatores</span> <span class='ocrx_word' id='word_1_94' title='bbox 475 1556 656 1595; x_wconf 86' lang='lat' dir='ltr'>poenam</span> <span class='ocrx_word' id='word_1_95' title='bbox 699 1542 876 1582; x_wconf 87' lang='lat' dir='ltr'>talionis</span> <span class='ocrx_word' id='word_1_96' title='bbox 925 1542 1020 1583; x_wconf 89' lang='lat' dir='ltr'>sub-</span> 
     </span>
     <span class='ocr_line' id='line_1_24' title="bbox 214 1599 1019 1641; baseline 0.001 -2"><span class='ocrx_word' id='word_1_97' title='bbox 214 1601 335 1641; x_wconf 88' lang='lat' dir='ltr'>irent.</span> <span class='ocrx_word' id='word_1_98' title='bbox 391 1601 479 1640; x_wconf 92' lang='lat' dir='ltr'>Hic</span> <span class='ocrx_word' id='word_1_99' title='bbox 496 1601 592 1640; x_wconf 92' lang='lat' dir='ltr'>ocio</span> <span class='ocrx_word' id='word_1_100' title='bbox 616 1601 806 1640; x_wconf 85' lang='lat' dir='ltr'>literario</span> <span class='ocrx_word' id='word_1_101' title='bbox 829 1599 1019 1640; x_wconf 54' lang='grc'>(101683-</span> 
     </span>
     <span class='ocr_line' id='line_1_25' title="bbox 215 1658 1018 1711; baseline 0 -13"><span class='ocrx_word' id='word_1_102' title='bbox 215 1668 283 1698; x_wconf 89' lang='lat' dir='ltr'>tus</span> <span class='ocrx_word' id='word_1_103' title='bbox 300 1673 365 1699; x_wconf 88' lang='lat' dir='ltr'>res</span> <span class='ocrx_word' id='word_1_104' title='bbox 381 1658 521 1711; x_wconf 87' lang='lat' dir='ltr'>gestas</span> <span class='ocrx_word' id='word_1_105' title='bbox 536 1659 734 1698; x_wconf 89' lang='lat' dir='ltr'>omnium</span> <span class='ocrx_word' id='word_1_106' title='bbox 751 1658 1018 1711; x_wconf 79' lang='lat' dir='ltr'>superiorum</span> 
     </span>
     <span class='ocr_line' id='line_1_26' title="bbox 214 1716 1019 1769; baseline 0 -13"><span class='ocrx_word' id='word_1_107' title='bbox 214 1716 473 1769; x_wconf 89' lang='lat' dir='ltr'>pontificum</span> <span class='ocrx_word' id='word_1_108' title='bbox 493 1716 615 1764; x_wconf 89' lang='lat' dir='ltr'>libro,</span> <span class='ocrx_word' id='word_1_109' title='bbox 630 1729 761 1769; x_wconf 82' lang='lat' dir='ltr'>quem</span> <span class='ocrx_word' id='word_1_110' title='bbox 780 1716 835 1756; x_wconf 89' lang='lat' dir='ltr'>ad</span> <span class='ocrx_word' id='word_1_111' title='bbox 862 1716 1019 1756; x_wconf 89' lang='lat' dir='ltr'>Hiero-</span> 
     </span>
     <span class='ocr_line' id='line_1_27' title="bbox 216 1774 1020 1827; baseline 0 -13"><span class='ocrx_word' id='word_1_112' title='bbox 216 1788 399 1827; x_wconf 90' lang='lat' dir='ltr'>nymum</span> <span class='ocrx_word' id='word_1_113' title='bbox 425 1774 546 1823; x_wconf 78' lang='lat' dir='ltr'>mifit,</span> <span class='ocrx_word' id='word_1_114' title='bbox 565 1774 790 1814; x_wconf 77' lang='lat' dir='ltr'>memoriae</span> <span class='ocrx_word' id='word_1_115' title='bbox 814 1774 1020 1826; x_wconf 84' lang='lat' dir='ltr'>prodidit.</span> 
     </span>
     <span class='ocr_line' id='line_1_28' title="bbox 214 1832 1018 1885; baseline 0.001 -13"><span class='ocrx_word' id='word_1_116' title='bbox 214 1832 404 1885; x_wconf 85' lang='lat' dir='ltr'>Templa</span> <span class='ocrx_word' id='word_1_117' title='bbox 422 1838 465 1872; x_wconf 94' lang='lat' dir='ltr'>et</span> <span class='ocrx_word' id='word_1_118' title='bbox 480 1832 646 1872; x_wconf 87' lang='lat' dir='ltr'>cultum</span> <span class='ocrx_word' id='word_1_119' title='bbox 663 1832 863 1871; x_wconf 88' lang='lat' dir='ltr'>diuinum</span> <span class='ocrx_word' id='word_1_120' title='bbox 879 1833 1018 1873; x_wconf 76' lang='lat' dir='ltr'>auxit.</span> 
     </span>
     <span class='ocr_line' id='line_1_29' title="bbox 216 1889 1018 1938; baseline -0.001 -8"><span class='ocrx_word' id='word_1_121' title='bbox 216 1890 417 1930; x_wconf 76' lang='lat' dir='ltr'>Basilicas</span> <span class='ocrx_word' id='word_1_122' title='bbox 449 1891 559 1930; x_wconf 90' lang='lat' dir='ltr'>duas</span> <span class='ocrx_word' id='word_1_123' title='bbox 592 1889 804 1938; x_wconf 87' lang='lat' dir='ltr'>condidit,</span> <span class='ocrx_word' id='word_1_124' title='bbox 834 1889 1018 1930; x_wconf 89' lang='lat' dir='ltr'>alteram</span> 
     </span>
     <span class='ocr_line' id='line_1_30' title="bbox 215 1947 1019 1999; baseline 0 -12"><span class='ocrx_word' id='word_1_125' title='bbox 215 1949 257 1988; x_wconf 89' lang='lat' dir='ltr'>in</span> <span class='ocrx_word' id='word_1_126' title='bbox 295 1948 505 1988; x_wconf 90' lang='lat' dir='ltr'>honorem</span> <span class='ocrx_word' id='word_1_127' title='bbox 543 1948 632 1988; x_wconf 89' lang='lat' dir='ltr'>diui</span> <span class='ocrx_word' id='word_1_128' title='bbox 668 1947 892 1999; x_wconf 89' lang='lat' dir='ltr'>Laurentij</span> <span class='ocrx_word' id='word_1_129' title='bbox 931 1961 1019 1987; x_wconf 91' lang='lat' dir='ltr'>non</span> 
     </span>
     <span class='ocr_line' id='line_1_31' title="bbox 216 2005 1019 2059; baseline 0 -13"><span class='ocrx_word' id='word_1_130' title='bbox 216 2007 347 2059; x_wconf 87' lang='lat' dir='ltr'>longe</span> <span class='ocrx_word' id='word_1_131' title='bbox 363 2005 389 2046; x_wconf 78' lang='lat' dir='ltr'>a.</span> <span class='ocrx_word' id='word_1_132' title='bbox 405 2006 579 2046; x_wconf 87' lang='lat' dir='ltr'>theatro</span> <span class='ocrx_word' id='word_1_133' title='bbox 597 2006 866 2058; x_wconf 88' lang='lat' dir='ltr'>pompeiano</span> <span class='ocrx_word' id='word_1_134' title='bbox 885 2019 1019 2058; x_wconf 81' lang='lat' dir='ltr'>quam</span> 
     </span>
     <span class='ocr_line' id='line_1_32' title="bbox 215 2063 1020 2115; baseline 0 -12"><span class='ocrx_word' id='word_1_135' title='bbox 215 2064 373 2113; x_wconf 90' lang='lat' dir='ltr'>fundis,</span> <span class='ocrx_word' id='word_1_136' title='bbox 445 2063 735 2115; x_wconf 87' lang='lat' dir='ltr'>domibusque</span> <span class='ocrx_word' id='word_1_137' title='bbox 806 2064 1020 2112; x_wconf 90' lang='lat' dir='ltr'>dotatam,</span> 
     </span>
     <span class='ocr_line' id='line_1_33' title="bbox 215 2121 1020 2175; baseline 0 -14"><span class='ocrx_word' id='word_1_138' title='bbox 215 2122 387 2175; x_wconf 87' lang='lat' dir='ltr'>magnis</span> <span class='ocrx_word' id='word_1_139' title='bbox 429 2135 606 2174; x_wconf 83' lang='lat' dir='ltr'>quoque</span> <span class='ocrx_word' id='word_1_140' title='bbox 649 2121 901 2161; x_wconf 88' lang='lat' dir='ltr'>muneribus</span> <span class='ocrx_word' id='word_1_141' title='bbox 943 2135 1020 2161; x_wconf 80' lang='lat' dir='ltr'>ex-</span> 
     </span>
     <span class='ocr_line' id='line_1_34' title="bbox 214 2179 1020 2220; baseline 0 -1"><span class='ocrx_word' id='word_1_142' title='bbox 214 2180 398 2219; x_wconf 87' lang='lat' dir='ltr'>ornauit.</span> <span class='ocrx_word' id='word_1_143' title='bbox 461 2179 646 2220; x_wconf 90' lang='lat' dir='ltr'>alteram</span> <span class='ocrx_word' id='word_1_144' title='bbox 670 2179 740 2219; x_wconf 86' lang='lat' dir='ltr'>via</span> <span class='ocrx_word' id='word_1_145' title='bbox 772 2179 1020 2219; x_wconf 84' lang='lat' dir='ltr'>Ardeatina</span> 
     </span>
     <span class='ocr_line' id='line_1_35' title="bbox 215 2237 1020 2277; baseline -0.001 0"><span class='ocrx_word' id='word_1_146' title='bbox 215 2237 271 2277; x_wconf 88' lang='lat' dir='ltr'>ad</span> <span class='ocrx_word' id='word_1_147' title='bbox 313 2237 638 2277; x_wconf 88' lang='lat' dir='ltr'>cathacumbas.</span> <span class='ocrx_word' id='word_1_148' title='bbox 703 2237 940 2277; x_wconf 91' lang='lat' dir='ltr'>Dedicauit</span> <span class='ocrx_word' id='word_1_149' title='bbox 977 2243 1020 2277; x_wconf 94' lang='lat' dir='ltr'>et</span> 
     </span>
     <span class='ocr_line' id='line_1_36' title="bbox 218 2295 1020 2347; baseline 0.001 -13"><span class='ocrx_word' id='word_1_150' title='bbox 218 2295 465 2335; x_wconf 79' lang='lat' dir='ltr'>Platoniam</span> <span class='ocrx_word' id='word_1_151' title='bbox 499 2295 571 2335; x_wconf 79' lang='lat' dir='ltr'>vbi</span> <span class='ocrx_word' id='word_1_152' title='bbox 604 2309 788 2347; x_wconf 90' lang='lat' dir='ltr'>corpora</span> <span class='ocrx_word' id='word_1_153' title='bbox 823 2295 937 2335; x_wconf 87' lang='lat' dir='ltr'>Petri</span> <span class='ocrx_word' id='word_1_154' title='bbox 977 2301 1020 2335; x_wconf 88' lang='lat' dir='ltr'>et</span> 
     </span>
     <span class='ocr_line' id='line_1_37' title="bbox 217 2353 1019 2406; baseline 0.001 -14"><span class='ocrx_word' id='word_1_155' title='bbox 217 2353 339 2393; x_wconf 84' lang='lat' dir='ltr'>Pauli</span> <span class='ocrx_word' id='word_1_156' title='bbox 377 2353 616 2406; x_wconf 85' lang='lat' dir='ltr'>aliquando</span> <span class='ocrx_word' id='word_1_157' title='bbox 654 2354 889 2393; x_wconf 76' lang='lat' dir='ltr'>jacuerant.</span> <span class='ocrx_word' id='word_1_158' title='bbox 927 2367 1019 2393; x_wconf 89' lang='lat' dir='ltr'>ver-</span> 
     </span>
     <span class='ocr_line' id='line_1_38' title="bbox 215 2410 1019 2464; baseline -0.001 -13"><span class='ocrx_word' id='word_1_159' title='bbox 215 2411 327 2451; x_wconf 80' lang='lat' dir='ltr'>sibus</span> <span class='ocrx_word' id='word_1_160' title='bbox 345 2425 521 2464; x_wconf 81' lang='lat' dir='ltr'>quoque</span> <span class='ocrx_word' id='word_1_161' title='bbox 540 2410 817 2463; x_wconf 75' lang='lat' dir='ltr'>elegantibus</span> <span class='ocrx_word' id='word_1_162' title='bbox 836 2424 1019 2463; x_wconf 89' lang='lat' dir='ltr'>corpora</span> 
     </span>
     <span class='ocr_line' id='line_1_39' title="bbox 216 2468 1018 2521; baseline 0 -13"><span class='ocrx_word' id='word_1_163' title='bbox 216 2469 275 2508; x_wconf 89' lang='lat' dir='ltr'>ibi</span> <span class='ocrx_word' id='word_1_164' title='bbox 299 2468 467 2521; x_wconf 90' lang='lat' dir='ltr'>sepulta</span> <span class='ocrx_word' id='word_1_165' title='bbox 485 2468 735 2508; x_wconf 90' lang='lat' dir='ltr'>celebrauit.</span> <span class='ocrx_word' id='word_1_166' title='bbox 791 2468 888 2520; x_wconf 91' lang='lat' dir='ltr'>Ipse</span> <span class='ocrx_word' id='word_1_167' title='bbox 906 2482 1018 2521; x_wconf 66' lang='lat' dir='ltr'>pree—</span> 
     </span>
     <span class='ocr_line' id='line_1_40' title="bbox 214 2526 1018 2579; baseline 0 -13"><span class='ocrx_word' id='word_1_168' title='bbox 214 2533 334 2567; x_wconf 87' lang='lat' dir='ltr'>terea</span> <span class='ocrx_word' id='word_1_169' title='bbox 366 2526 560 2574; x_wconf 87' lang='lat' dir='ltr'>instituit,</span> <span class='ocrx_word' id='word_1_170' title='bbox 594 2532 640 2566; x_wconf 88' lang='lat' dir='ltr'>vt</span> <span class='ocrx_word' id='word_1_171' title='bbox 677 2526 831 2579; x_wconf 87' lang='lat' dir='ltr'>psalmi</span> <span class='ocrx_word' id='word_1_172' title='bbox 864 2527 907 2566; x_wconf 93' lang='lat' dir='ltr'>in</span> <span class='ocrx_word' id='word_1_173' title='bbox 951 2540 1018 2566; x_wconf 90' lang='lat' dir='ltr'>ec-</span> 
     </span>
     <span class='ocr_line' id='line_1_41' title="bbox 215 2584 1016 2630; baseline 0 -7"><span class='ocrx_word' id='word_1_174' title='bbox 215 2584 339 2624; x_wconf 78' lang='lat' dir='ltr'>clesia</span> <span class='ocrx_word' id='word_1_175' title='bbox 355 2584 605 2624; x_wconf 88' lang='lat' dir='ltr'>alternatim</span> <span class='ocrx_word' id='word_1_176' title='bbox 622 2590 893 2630; x_wconf 85' lang='lat' dir='ltr'>canerentur,</span> <span class='ocrx_word' id='word_1_177' title='bbox 910 2590 953 2624; x_wconf 90' lang='lat' dir='ltr'>et</span> <span class='ocrx_word' id='word_1_178' title='bbox 974 2584 1016 2623; x_wconf 90' lang='lat' dir='ltr'>in</span> 
     </span>
     <span class='ocr_line' id='line_1_42' title="bbox 216 2641 1018 2694; baseline 0 -13"><span class='ocrx_word' id='word_1_179' title='bbox 216 2642 302 2681; x_wconf 83' lang='lat' dir='ltr'>fine</span> <span class='ocrx_word' id='word_1_180' title='bbox 343 2642 549 2694; x_wconf 82' lang='lat' dir='ltr'>cuiusque</span> <span class='ocrx_word' id='word_1_181' title='bbox 595 2642 825 2690; x_wconf 88' lang='lat' dir='ltr'>diceretur,</span> <span class='ocrx_word' id='word_1_182' title='bbox 868 2641 1018 2682; x_wconf 87' lang='lat' dir='ltr'>Gloria</span> 
     </span>
     <span class='ocr_line' id='line_1_43' title="bbox 216 2698 1014 2752; baseline 0.001 -14"><span class='ocrx_word' id='word_1_183' title='bbox 216 2700 341 2752; x_wconf 89' lang='lat' dir='ltr'>patri,</span> <span class='ocrx_word' id='word_1_184' title='bbox 372 2706 415 2739; x_wconf 91' lang='lat' dir='ltr'>et</span> <span class='ocrx_word' id='word_1_185' title='bbox 448 2699 551 2747; x_wconf 83' lang='lat' dir='ltr'>filio,</span> <span class='ocrx_word' id='word_1_186' title='bbox 578 2706 621 2739; x_wconf 89' lang='lat' dir='ltr'>et</span> <span class='ocrx_word' id='word_1_187' title='bbox 654 2699 819 2752; x_wconf 86' lang='lat' dir='ltr'>spiritui</span> <span class='ocrx_word' id='word_1_188' title='bbox 853 2698 1014 2739; x_wconf 58' lang='lat' dir='ltr'>sancto.</span> 
     </span>
    </p>
   </div>
   <div class='ocr_carea' id='block_1_5' title="bbox 284 2813 743 2988">
    <p class='ocr_par' dir='ltr' id='par_1_6' title="bbox 284 2813 743 2903">
     <span class='ocr_line' id='line_1_44' title="bbox 284 2813 743 2848; baseline -0.004 0"><span class='ocrx_word' id='word_1_189' title='bbox 284 2813 296 2834; x_wconf 77' lang='lat'>1</span> <span class='ocrx_word' id='word_1_190' title='bbox 323 2813 384 2848; x_wconf 88' lang='lat' dir='ltr'>die</span> <span class='ocrx_word' id='word_1_191' title='bbox 402 2823 468 2847; x_wconf 85' lang='lat'>.11.</span> <span class='ocrx_word' id='word_1_192' title='bbox 491 2814 529 2846; x_wconf 75' lang='lat'>2⁰72</span> <span class='ocrx_word' id='word_1_193' title='bbox 548 2824 594 2846; x_wconf 82' lang='lat' dir='ltr'>m.</span> <span class='ocrx_word' id='word_1_194' title='bbox 615 2824 681 2846; x_wconf 80' lang='lat' dir='ltr'>om.</span> <span class='ocrx_word' id='word_1_195' title='bbox 703 2814 743 2846; x_wconf 81' lang='lat' dir='ltr'>A.</span> 
     </span>
     <span class='ocr_line' id='line_1_45' title="bbox 285 2860 593 2903; baseline -0.006 -9"><span class='ocrx_word' id='word_1_196' title='bbox 285 2860 298 2881; x_wconf 81' lang='lat'>2</span> <span class='ocrx_word' id='word_1_197' title='bbox 323 2860 445 2894; x_wconf 60' lang='lat' dir='ltr'>Lemo</span> <span class='ocrx_word' id='word_1_198' title='bbox 462 2860 532 2903; x_wconf 78' lang='lat' dir='ltr'><em>iiij.</em></span> <span class='ocrx_word' id='word_1_199' title='bbox 556 2861 593 2893; x_wconf 88' lang='lat' dir='ltr'>P.</span> 
     </span>
    </p>

    <p class='ocr_par' dir='ltr' id='par_1_7' title="bbox 285 2907 635 2941">
     <span class='ocr_line' id='line_1_46' title="bbox 285 2907 635 2941; baseline -0.006 0"><span class='ocrx_word' id='word_1_200' title='bbox 285 2907 297 2928; x_wconf 76' lang='lat'>3</span> <span class='ocrx_word' id='word_1_201' title='bbox 324 2907 550 2941; x_wconf 83' lang='lat' dir='ltr'>accusatorio</span> <span class='ocrx_word' id='word_1_202' title='bbox 573 2919 578 2939; x_wconf 78' lang='grc' dir='ltr'>ε</span> <span class='ocrx_word' id='word_1_203' title='bbox 598 2907 635 2940; x_wconf 88' lang='lat' dir='ltr'>P.</span> 
     </span>
    </p>

    <p class='ocr_par' dir='ltr' id='par_1_8' title="bbox 284 2954 619 2988">
     <span class='ocr_line' id='line_1_47' title="bbox 284 2954 619 2988; baseline -0.006 0"><span class='ocrx_word' id='word_1_204' title='bbox 284 2954 297 2974; x_wconf 69' lang='lat'>4</span> <span class='ocrx_word' id='word_1_205' title='bbox 323 2954 533 2988; x_wconf 78' lang='lat' dir='ltr'>detulerunt</span> <span class='ocrx_word' id='word_1_206' title='bbox 553 2966 559 2986; x_wconf 72' lang='grc' dir='ltr'><em>τ</em></span> <span class='ocrx_word' id='word_1_207' title='bbox 582 2954 619 2986; x_wconf 90' lang='grc' dir='ltr'>Ρ.</span> 
     </span>
    </p>
   </div>
   <div class='ocr_carea' id='block_1_6' title="bbox 903 139 1202 170">
    <p class='ocr_par' dir='ltr' id='par_1_9' title="bbox 903 139 1202 170">
     <span class='ocr_line' id='line_1_48' title="bbox 903 139 1202 170; baseline -0.007 0"><span class='ocrx_word' id='word_1_208' title='bbox 903 139 1202 170; x_wconf 76' lang='lat' dir='ltr'><em>DECEMBER.</em></span> 
     </span>
    </p>
   </div>
   <div class='ocr_carea' id='block_1_7' title="bbox 1090 216 1895 791">
    <p class='ocr_par' dir='ltr' id='par_1_10' title="bbox 1090 216 1895 791">
     <span class='ocr_line' id='line_1_49' title="bbox 1090 216 1894 270; baseline -0.002 -13"><span class='ocrx_word' id='word_1_209' title='bbox 1090 217 1241 270; x_wconf 88' lang='lat' dir='ltr'>thue</span> <span class='ocrx_word' id='word_1_210' title='bbox 1283 217 1326 257; x_wconf 89' lang='lat' dir='ltr'>in</span> <span class='ocrx_word' id='word_1_211' title='bbox 1363 217 1579 270; x_wconf 91' lang='lat' dir='ltr'>principio</span> <span class='ocrx_word' id='word_1_212' title='bbox 1622 216 1756 256; x_wconf 82' lang='lat' dir='ltr'>missae</span> <span class='ocrx_word' id='word_1_213' title='bbox 1790 229 1894 256; x_wconf 89' lang='lat' dir='ltr'>con-</span> 
     </span>
     <span class='ocr_line' id='line_1_50' title="bbox 1092 273 1894 327; baseline -0.002 -12"><span class='ocrx_word' id='word_1_214' title='bbox 1092 274 1209 315; x_wconf 81' lang='lat' dir='ltr'>fesfio</span> <span class='ocrx_word' id='word_1_215' title='bbox 1251 275 1468 315; x_wconf 90' lang='lat' dir='ltr'>diceretur</span> <span class='ocrx_word' id='word_1_216' title='bbox 1514 273 1894 327; x_wconf 86' lang='lat' dir='ltr'>quemadmodum</span> 
     </span>
     <span class='ocr_line' id='line_1_51' title="bbox 1092 332 1895 386; baseline -0.001 -14"><span class='ocrx_word' id='word_1_217' title='bbox 1092 339 1135 373; x_wconf 91' lang='lat' dir='ltr'>et</span> <span class='ocrx_word' id='word_1_218' title='bbox 1150 332 1281 373; x_wconf 90' lang='lat' dir='ltr'>hodie</span> <span class='ocrx_word' id='word_1_219' title='bbox 1297 332 1358 373; x_wconf 92' lang='lat' dir='ltr'>fit.</span> <span class='ocrx_word' id='word_1_220' title='bbox 1393 333 1481 373; x_wconf 91' lang='lat' dir='ltr'>Hic</span> <span class='ocrx_word' id='word_1_221' title='bbox 1496 333 1662 386; x_wconf 88' lang='lat' dir='ltr'>primus</span> <span class='ocrx_word' id='word_1_222' title='bbox 1681 333 1895 384; x_wconf 87' lang='lat' dir='ltr'>interpre-</span> 
     </span>
     <span class='ocr_line' id='line_1_52' title="bbox 1091 389 1894 443; baseline -0.002 -13"><span class='ocrx_word' id='word_1_223' title='bbox 1091 391 1249 431; x_wconf 90' lang='lat' dir='ltr'>tationi</span> <span class='ocrx_word' id='word_1_224' title='bbox 1294 390 1559 443; x_wconf 86' lang='lat' dir='ltr'>Hieronymi</span> <span class='ocrx_word' id='word_1_225' title='bbox 1601 390 1730 430; x_wconf 80' lang='lat' dir='ltr'>sacrae</span> <span class='ocrx_word' id='word_1_226' title='bbox 1765 389 1894 441; x_wconf 90' lang='lat' dir='ltr'>scrip-</span> 
     </span>
     <span class='ocr_line' id='line_1_53' title="bbox 1090 446 1894 489; baseline -0.004 -1"><span class='ocrx_word' id='word_1_227' title='bbox 1090 454 1201 488; x_wconf 83' lang='lat' dir='ltr'>turae</span> <span class='ocrx_word' id='word_1_228' title='bbox 1242 446 1550 489; x_wconf 58' lang='lat' dir='ltr'>auffitoritatem</span> <span class='ocrx_word' id='word_1_229' title='bbox 1584 448 1719 489; x_wconf 90' lang='lat' dir='ltr'>dedit.</span> <span class='ocrx_word' id='word_1_230' title='bbox 1782 447 1894 488; x_wconf 90' lang='lat' dir='ltr'>Cum</span> 
     </span>
     <span class='ocr_line' id='line_1_54' title="bbox 1092 505 1894 561; baseline -0.002 -15"><span class='ocrx_word' id='word_1_231' title='bbox 1092 513 1241 547; x_wconf 90' lang='lat' dir='ltr'>autem</span> <span class='ocrx_word' id='word_1_232' title='bbox 1264 505 1456 547; x_wconf 87' lang='lat' dir='ltr'>sedisset5</span> <span class='ocrx_word' id='word_1_233' title='bbox 1478 519 1617 546; x_wconf 89' lang='lat' dir='ltr'>annos</span> <span class='ocrx_word' id='word_1_234' title='bbox 1641 506 1748 546; x_wconf 59' lang='lat' dir='ltr'>xix.</span> <span class='ocrx_word' id='word_1_235' title='bbox 1772 518 1894 561; x_wconf 42' lang='lat' dir='ltr'>rnen*</span> 
     </span>
     <span class='ocr_line' id='line_1_55' title="bbox 1092 562 1892 617; baseline -0.001 -14"><span class='ocrx_word' id='word_1_236' title='bbox 1092 564 1155 604; x_wconf 90' lang='lat' dir='ltr'>ses</span> <span class='ocrx_word' id='word_1_237' title='bbox 1185 564 1255 617; x_wconf 85' lang='lat' dir='ltr'>.iij.</span> <span class='ocrx_word' id='word_1_238' title='bbox 1277 565 1371 604; x_wconf 91' lang='lat' dir='ltr'>dies</span> <span class='ocrx_word' id='word_1_239' title='bbox 1398 563 1470 616; x_wconf 80' lang='lat' dir='ltr'>‚xj</span> <span class='ocrx_word' id='word_1_240' title='bbox 1494 564 1678 604; x_wconf 89' lang='lat' dir='ltr'>moritur</span> <span class='ocrx_word' id='word_1_241' title='bbox 1704 562 1772 615; x_wconf 86' lang='lat' dir='ltr'>.iij.</span> <span class='ocrx_word' id='word_1_242' title='bbox 1795 563 1892 602; x_wconf 89' lang='lat' dir='ltr'>idus</span> 
     </span>
     <span class='ocr_line' id='line_1_56' title="bbox 1092 620 1893 675; baseline -0.002 -13"><span class='ocrx_word' id='word_1_243' title='bbox 1092 622 1352 662; x_wconf 89' lang='lat' dir='ltr'>Decembris</span> <span class='ocrx_word' id='word_1_244' title='bbox 1375 635 1425 662; x_wconf 92' lang='lat' dir='ltr'>ac</span> <span class='ocrx_word' id='word_1_245' title='bbox 1444 621 1647 675; x_wconf 89' lang='lat' dir='ltr'>sepelitur</span> <span class='ocrx_word' id='word_1_246' title='bbox 1663 621 1734 661; x_wconf 88' lang='lat' dir='ltr'>via</span> <span class='ocrx_word' id='word_1_247' title='bbox 1751 620 1893 661; x_wconf 79' lang='lat' dir='ltr'>Arde-</span> 
     </span>
     <span class='ocr_line' id='line_1_57' title="bbox 1090 677 1894 721; baseline -0.004 -1"><span class='ocrx_word' id='word_1_248' title='bbox 1090 681 1212 720; x_wconf 90' lang='lat' dir='ltr'>atina</span> <span class='ocrx_word' id='word_1_249' title='bbox 1254 693 1353 721; x_wconf 91' lang='lat' dir='ltr'>cum</span> <span class='ocrx_word' id='word_1_250' title='bbox 1398 686 1540 720; x_wconf 90' lang='lat' dir='ltr'>matre</span> <span class='ocrx_word' id='word_1_251' title='bbox 1583 685 1626 719; x_wconf 93' lang='lat' dir='ltr'>et</span> <span class='ocrx_word' id='word_1_252' title='bbox 1668 679 1809 719; x_wconf 91' lang='lat' dir='ltr'>sorore</span> <span class='ocrx_word' id='word_1_253' title='bbox 1851 677 1894 717; x_wconf 89' lang='lat' dir='ltr'>in</span> 
     </span>
     <span class='ocr_line' id='line_1_58' title="bbox 1090 736 1836 791; baseline -0.003 -13"><span class='ocrx_word' id='word_1_254' title='bbox 1090 738 1275 788; x_wconf 85' lang='lat' dir='ltr'>bafilica,</span> <span class='ocrx_word' id='word_1_255' title='bbox 1298 751 1432 790; x_wconf 86' lang='lat' dir='ltr'>quam</span> <span class='ocrx_word' id='word_1_256' title='bbox 1457 737 1546 791; x_wconf 90' lang='lat' dir='ltr'>ipse</span> <span class='ocrx_word' id='word_1_257' title='bbox 1567 736 1836 777; x_wconf 87' lang='lat' dir='ltr'>condiderat.</span> 
     </span>
    </p>
   </div>
   <div class='ocr_carea' id='block_1_8' title="bbox 1413 857 1574 899">
    <p class='ocr_par' dir='ltr' id='par_1_11' title="bbox 1413 857 1574 899">
     <span class='ocr_line' id='line_1_59' title="bbox 1413 857 1574 899; baseline 0.006 -1"><span class='ocrx_word' id='word_1_258' title='bbox 1413 857 1574 899; x_wconf 69' lang='lat' dir='ltr'>Ol&#39;alio.</span> 
     </span>
    </p>
   </div>
   <div class='ocr_carea' id='block_1_9' title="bbox 1089 942 1895 1229">
    <p class='ocr_par' dir='ltr' id='par_1_12' title="bbox 1089 942 1895 1229">
     <span class='ocr_line' id='line_1_60' title="bbox 1099 942 1893 1026; baseline -0.001 -42"><span class='ocrx_word' id='word_1_259' title='bbox 1099 944 1331 1026; x_wconf 79' lang='lat' dir='ltr'>EXaudi</span> <span class='ocrx_word' id='word_1_260' title='bbox 1346 944 1527 984; x_wconf 89' lang='lat' dir='ltr'>domine</span> <span class='ocrx_word' id='word_1_261' title='bbox 1544 957 1696 997; x_wconf 89' lang='lat' dir='ltr'>preces</span> <span class='ocrx_word' id='word_1_262' title='bbox 1711 942 1893 983; x_wconf 88' lang='lat' dir='ltr'>nostras:</span> 
     </span>
     <span class='ocr_line' id='line_1_61' title="bbox 1210 1001 1895 1042; baseline -0.003 0"><span class='ocrx_word' id='word_1_263' title='bbox 1210 1007 1253 1042; x_wconf 94' lang='lat' dir='ltr'>et</span> <span class='ocrx_word' id='word_1_264' title='bbox 1285 1002 1607 1042; x_wconf 88' lang='lat' dir='ltr'>interueniente</span> <span class='ocrx_word' id='word_1_265' title='bbox 1638 1001 1771 1042; x_wconf 90' lang='lat' dir='ltr'>beato</span> <span class='ocrx_word' id='word_1_266' title='bbox 1803 1001 1895 1041; x_wconf 90' lang='lat' dir='ltr'>Da-</span> 
     </span>
     <span class='ocr_line' id='line_1_62' title="bbox 1091 1059 1894 1113; baseline 0 -15"><span class='ocrx_word' id='word_1_267' title='bbox 1091 1059 1210 1099; x_wconf 88' lang='lat' dir='ltr'>maso</span> <span class='ocrx_word' id='word_1_268' title='bbox 1239 1060 1477 1100; x_wconf 89' lang='lat' dir='ltr'>confessore</span> <span class='ocrx_word' id='word_1_269' title='bbox 1508 1066 1585 1100; x_wconf 92' lang='lat' dir='ltr'>tuo</span> <span class='ocrx_word' id='word_1_270' title='bbox 1618 1065 1753 1113; x_wconf 87' lang='lat' dir='ltr'>atque</span> <span class='ocrx_word' id='word_1_271' title='bbox 1786 1072 1894 1112; x_wconf 93' lang='lat' dir='ltr'>pon-</span> 
     </span>
     <span class='ocr_line' id='line_1_63' title="bbox 1089 1116 1894 1170; baseline -0.002 -12"><span class='ocrx_word' id='word_1_272' title='bbox 1089 1117 1206 1158; x_wconf 87' lang='lat' dir='ltr'>tifice</span> <span class='ocrx_word' id='word_1_273' title='bbox 1263 1133 1270 1157; x_wconf 90' lang='lat'>:</span> <span class='ocrx_word' id='word_1_274' title='bbox 1328 1117 1669 1170; x_wconf 91' lang='lat' dir='ltr'>supplicationes</span> <span class='ocrx_word' id='word_1_275' title='bbox 1728 1116 1894 1157; x_wconf 88' lang='lat' dir='ltr'>nostras</span> 
     </span>
     <span class='ocr_line' id='line_1_64' title="bbox 1090 1174 1893 1229; baseline -0.001 -13"><span class='ocrx_word' id='word_1_276' title='bbox 1090 1175 1291 1228; x_wconf 88' lang='lat' dir='ltr'>placatus</span> <span class='ocrx_word' id='word_1_277' title='bbox 1315 1176 1496 1216; x_wconf 91' lang='lat' dir='ltr'>intende</span> <span class='ocrx_word' id='word_1_278' title='bbox 1520 1191 1528 1215; x_wconf 93' lang='lat'>:</span> <span class='ocrx_word' id='word_1_279' title='bbox 1550 1189 1628 1229; x_wconf 88' lang='lat' dir='ltr'>per</span> <span class='ocrx_word' id='word_1_280' title='bbox 1649 1174 1893 1216; x_wconf 87' lang='lat' dir='ltr'>dominum.</span> 
     </span>
    </p>
   </div>
   <div class='ocr_carea' id='block_1_10' title="bbox 1090 1282 1897 1395">
    <p class='ocr_par' dir='ltr' id='par_1_13' title="bbox 1090 1282 1897 1395">
     <span class='ocr_line' id='line_1_65' title="bbox 1090 1282 1897 1336; baseline 0.002 -14"><span class='ocrx_word' id='word_1_281' title='bbox 1090 1284 1134 1330; x_wconf 66' lang='lat' dir='ltr'>(l</span> <span class='ocrx_word' id='word_1_282' title='bbox 1179 1282 1318 1323; x_wconf 73' lang='lat' dir='ltr'>Lucia</span> <span class='ocrx_word' id='word_1_283' title='bbox 1359 1283 1482 1336; x_wconf 75' lang='lat' dir='ltr'>virgo</span> <span class='ocrx_word' id='word_1_284' title='bbox 1529 1290 1701 1335; x_wconf 64' lang='lat' dir='ltr'>martyr</span> <span class='ocrx_word' id='word_1_285' title='bbox 1743 1283 1897 1336; x_wconf 76' lang='lat' dir='ltr'>duplex</span> 
     </span>
     <span class='ocr_line' id='line_1_66' title="bbox 1254 1339 1733 1395; baseline 0.006 -15"><span class='ocrx_word' id='word_1_286' title='bbox 1254 1341 1409 1381; x_wconf 69' lang='lat' dir='ltr'>miuus.</span> <span class='ocrx_word' id='word_1_287' title='bbox 1472 1341 1614 1382; x_wconf 57' lang='lat' dir='ltr'>Ledio</span> <span class='ocrx_word' id='word_1_288' title='bbox 1637 1339 1733 1395; x_wconf 75' lang='lat' dir='ltr'>‚zz&#39;J⁶.</span> 
     </span>
    </p>
   </div>
   <div class='ocr_carea' id='block_1_11' title="bbox 1088 1424 1894 2739">
    <p class='ocr_par' dir='ltr' id='par_1_14' title="bbox 1088 1424 1894 2739">
     <span class='ocr_line' id='line_1_67' title="bbox 1144 1424 1891 1480; baseline 0.001 -14"><span class='ocrx_word' id='word_1_289' title='bbox 1144 1424 1257 1467; x_wconf 91' lang='lat' dir='ltr'>Vcia</span> <span class='ocrx_word' id='word_1_290' title='bbox 1292 1427 1416 1480; x_wconf 86' lang='lat' dir='ltr'>virgo</span> <span class='ocrx_word' id='word_1_291' title='bbox 1459 1427 1699 1468; x_wconf 85' lang='lat' dir='ltr'>firacusana</span> <span class='ocrx_word' id='word_1_292' title='bbox 1731 1427 1891 1468; x_wconf 90' lang='lat' dir='ltr'>nobilis</span> 
     </span>
     <span class='ocr_line' id='line_1_68' title="bbox 1222 1485 1893 1539; baseline 0.001 -14"><span class='ocrx_word' id='word_1_293' title='bbox 1222 1486 1393 1538; x_wconf 85' lang='lat' dir='ltr'>generis</span> <span class='ocrx_word' id='word_1_294' title='bbox 1437 1491 1479 1525; x_wconf 90' lang='lat' dir='ltr'>et</span> <span class='ocrx_word' id='word_1_295' title='bbox 1512 1486 1701 1539; x_wconf 80' lang='lat' dir='ltr'>egregiae</span> <span class='ocrx_word' id='word_1_296' title='bbox 1735 1485 1792 1526; x_wconf 90' lang='lat' dir='ltr'>ab</span> <span class='ocrx_word' id='word_1_297' title='bbox 1830 1486 1893 1526; x_wconf 95' lang='lat' dir='ltr'>in-</span> 
     </span>
     <span class='ocr_line' id='line_1_69' title="bbox 1092 1542 1893 1596; baseline 0.002 -14"><span class='ocrx_word' id='word_1_298' title='bbox 1092 1542 1230 1583; x_wconf 87' lang='lat' dir='ltr'>fantia</span> <span class='ocrx_word' id='word_1_299' title='bbox 1266 1543 1457 1596; x_wconf 78' lang='lat' dir='ltr'>pietatiS,</span> <span class='ocrx_word' id='word_1_300' title='bbox 1492 1557 1591 1583; x_wconf 91' lang='lat' dir='ltr'>cum</span> <span class='ocrx_word' id='word_1_301' title='bbox 1629 1549 1770 1584; x_wconf 89' lang='lat' dir='ltr'>matre</span> <span class='ocrx_word' id='word_1_302' title='bbox 1805 1544 1893 1584; x_wconf 87' lang='lat' dir='ltr'>Eu-</span> 
     </span>
     <span class='ocr_line' id='line_1_70' title="bbox 1091 1600 1893 1654; baseline 0.001 -14"><span class='ocrx_word' id='word_1_303' title='bbox 1091 1601 1200 1649; x_wconf 90' lang='lat' dir='ltr'>titia,</span> <span class='ocrx_word' id='word_1_304' title='bbox 1215 1615 1312 1654; x_wconf 59' lang='lat' dir='ltr'>quae</span> <span class='ocrx_word' id='word_1_305' title='bbox 1330 1600 1500 1641; x_wconf 49' lang='lat' dir='ltr'>fluxum</span> <span class='ocrx_word' id='word_1_306' title='bbox 1520 1601 1740 1654; x_wconf 79' lang='lat' dir='ltr'>sanguinis</span> <span class='ocrx_word' id='word_1_307' title='bbox 1755 1602 1893 1654; x_wconf 89' lang='lat' dir='ltr'>patie-</span> 
     </span>
     <span class='ocr_line' id='line_1_71' title="bbox 1090 1659 1892 1712; baseline 0.001 -14"><span class='ocrx_word' id='word_1_308' title='bbox 1090 1659 1230 1707; x_wconf 84' lang='lat' dir='ltr'>batur,</span> <span class='ocrx_word' id='word_1_309' title='bbox 1254 1659 1476 1712; x_wconf 78' lang='lat' dir='ltr'>religionis</span> <span class='ocrx_word' id='word_1_310' title='bbox 1498 1660 1642 1712; x_wconf 87' lang='lat' dir='ltr'>gratia</span> <span class='ocrx_word' id='word_1_311' title='bbox 1661 1659 1892 1707; x_wconf 81' lang='lat' dir='ltr'>Catanam,</span> 
     </span>
     <span class='ocr_line' id='line_1_72' title="bbox 1090 1715 1894 1770; baseline 0.001 -14"><span class='ocrx_word' id='word_1_312' title='bbox 1090 1717 1163 1757; x_wconf 87' lang='lat' dir='ltr'>vbi</span> <span class='ocrx_word' id='word_1_313' title='bbox 1182 1715 1328 1757; x_wconf 63' lang='lat' dir='ltr'>sanGte</span> <span class='ocrx_word' id='word_1_314' title='bbox 1345 1716 1541 1769; x_wconf 77' lang='lat' dir='ltr'>Agathae</span> <span class='ocrx_word' id='word_1_315' title='bbox 1559 1731 1716 1770; x_wconf 90' lang='lat' dir='ltr'>corpus</span> <span class='ocrx_word' id='word_1_316' title='bbox 1732 1731 1894 1770; x_wconf 82' lang='lat' dir='ltr'>magna</span> 
     </span>
     <span class='ocr_line' id='line_1_73' title="bbox 1093 1774 1890 1823; baseline 0.001 -9"><span class='ocrx_word' id='word_1_317' title='bbox 1093 1774 1342 1815; x_wconf 86' lang='lat' dir='ltr'>Siculorum</span> <span class='ocrx_word' id='word_1_318' title='bbox 1393 1776 1677 1815; x_wconf 85' lang='lat' dir='ltr'>veneratione</span> <span class='ocrx_word' id='word_1_319' title='bbox 1723 1775 1890 1823; x_wconf 86' lang='lat' dir='ltr'>colitur,</span> 
     </span>
     <span class='ocr_line' id='line_1_74' title="bbox 1091 1832 1891 1886; baseline 0.001 -14"><span class='ocrx_word' id='word_1_320' title='bbox 1091 1833 1303 1884; x_wconf 89' lang='lat' dir='ltr'>peruenit,</span> <span class='ocrx_word' id='word_1_321' title='bbox 1358 1839 1401 1873; x_wconf 89' lang='lat' dir='ltr'>et</span> <span class='ocrx_word' id='word_1_322' title='bbox 1449 1832 1548 1872; x_wconf 78' lang='lat' dir='ltr'>fusis</span> <span class='ocrx_word' id='word_1_323' title='bbox 1594 1833 1650 1873; x_wconf 90' lang='lat' dir='ltr'>ad</span> <span class='ocrx_word' id='word_1_324' title='bbox 1697 1832 1891 1886; x_wconf 79' lang='lat' dir='ltr'>Agathae</span> 
     </span>
     <span class='ocr_line' id='line_1_75' title="bbox 1092 1890 1892 1943; baseline 0.003 -14"><span class='ocrx_word' id='word_1_325' title='bbox 1092 1890 1366 1943; x_wconf 86' lang='lat' dir='ltr'>sepulchrum</span> <span class='ocrx_word' id='word_1_326' title='bbox 1399 1890 1613 1943; x_wconf 83' lang='lat' dir='ltr'>precibus,</span> <span class='ocrx_word' id='word_1_327' title='bbox 1646 1890 1728 1931; x_wconf 91' lang='lat' dir='ltr'>hac</span> <span class='ocrx_word' id='word_1_328' title='bbox 1760 1891 1892 1931; x_wconf 90' lang='lat' dir='ltr'>inter-</span> 
     </span>
     <span class='ocr_line' id='line_1_76' title="bbox 1091 1947 1891 2001; baseline 0.003 -14"><span class='ocrx_word' id='word_1_329' title='bbox 1091 1948 1277 1988; x_wconf 91' lang='lat' dir='ltr'>cedente</span> <span class='ocrx_word' id='word_1_330' title='bbox 1329 1948 1583 2001; x_wconf 88' lang='lat' dir='ltr'>impetrauit</span> <span class='ocrx_word' id='word_1_331' title='bbox 1630 1947 1655 1988; x_wconf 79' lang='lat' dir='ltr'>a</span> <span class='ocrx_word' id='word_1_332' title='bbox 1706 1948 1801 1998; x_wconf 91' lang='lat' dir='ltr'>deo,</span> <span class='ocrx_word' id='word_1_333' title='bbox 1844 1955 1891 1989; x_wconf 89' lang='lat' dir='ltr'>vt</span> 
     </span>
     <span class='ocr_line' id='line_1_77' title="bbox 1093 2006 1891 2046; baseline 0.001 -1"><span class='ocrx_word' id='word_1_334' title='bbox 1093 2006 1308 2046; x_wconf 88' lang='lat' dir='ltr'>Eutitiam</span> <span class='ocrx_word' id='word_1_335' title='bbox 1342 2006 1521 2046; x_wconf 90' lang='lat' dir='ltr'>sanaret.</span> <span class='ocrx_word' id='word_1_336' title='bbox 1584 2006 1711 2046; x_wconf 91' lang='lat' dir='ltr'>Tunc</span> <span class='ocrx_word' id='word_1_337' title='bbox 1753 2006 1891 2046; x_wconf 91' lang='lat' dir='ltr'>Lucia</span> 
     </span>
     <span class='ocr_line' id='line_1_78' title="bbox 1091 2063 1889 2117; baseline 0.001 -14"><span class='ocrx_word' id='word_1_338' title='bbox 1091 2070 1278 2103; x_wconf 89' lang='lat' dir='ltr'>matrem</span> <span class='ocrx_word' id='word_1_339' title='bbox 1306 2063 1456 2104; x_wconf 89' lang='lat' dir='ltr'>multis</span> <span class='ocrx_word' id='word_1_340' title='bbox 1485 2064 1686 2117; x_wconf 88' lang='lat' dir='ltr'>precibus</span> <span class='ocrx_word' id='word_1_341' title='bbox 1721 2071 1889 2111; x_wconf 83' lang='lat' dir='ltr'>exorat,</span> 
     </span>
     <span class='ocr_line' id='line_1_79' title="bbox 1090 2121 1891 2175; baseline 0 -13"><span class='ocrx_word' id='word_1_342' title='bbox 1090 2127 1137 2162; x_wconf 86' lang='lat' dir='ltr'>vt</span> <span class='ocrx_word' id='word_1_343' title='bbox 1160 2121 1405 2170; x_wconf 75' lang='lat' dir='ltr'>facultates,</span> <span class='ocrx_word' id='word_1_344' title='bbox 1428 2135 1538 2175; x_wconf 88' lang='lat' dir='ltr'>quas</span> <span class='ocrx_word' id='word_1_345' title='bbox 1561 2122 1636 2162; x_wconf 83' lang='lat' dir='ltr'>fibi</span> <span class='ocrx_word' id='word_1_346' title='bbox 1663 2122 1767 2162; x_wconf 89' lang='lat' dir='ltr'>dare</span> <span class='ocrx_word' id='word_1_347' title='bbox 1789 2136 1891 2162; x_wconf 88' lang='lat' dir='ltr'>con-</span> 
     </span>
     <span class='ocr_line' id='line_1_80' title="bbox 1091 2178 1892 2229; baseline 0.001 -10"><span class='ocrx_word' id='word_1_348' title='bbox 1091 2178 1287 2220; x_wconf 87' lang='lat' dir='ltr'>stituerat</span> <span class='ocrx_word' id='word_1_349' title='bbox 1329 2180 1508 2219; x_wconf 89' lang='lat' dir='ltr'>nomine</span> <span class='ocrx_word' id='word_1_350' title='bbox 1551 2180 1679 2229; x_wconf 89' lang='lat' dir='ltr'>dotis,</span> <span class='ocrx_word' id='word_1_351' title='bbox 1713 2193 1812 2220; x_wconf 91' lang='lat' dir='ltr'>cum</span> <span class='ocrx_word' id='word_1_352' title='bbox 1851 2180 1892 2220; x_wconf 89' lang='lat' dir='ltr'>se</span> 
     </span>
     <span class='ocr_line' id='line_1_81' title="bbox 1091 2237 1892 2290; baseline 0.001 -13"><span class='ocrx_word' id='word_1_353' title='bbox 1091 2237 1267 2277; x_wconf 89' lang='lat' dir='ltr'>cuidam</span> <span class='ocrx_word' id='word_1_354' title='bbox 1305 2237 1452 2277; x_wconf 88' lang='lat' dir='ltr'>iuueni</span> <span class='ocrx_word' id='word_1_355' title='bbox 1487 2237 1790 2290; x_wconf 89' lang='lat' dir='ltr'>despondisset,</span> <span class='ocrx_word' id='word_1_356' title='bbox 1818 2237 1892 2278; x_wconf 83' lang='lat' dir='ltr'>fibi</span> 
     </span>
     <span class='ocr_line' id='line_1_82' title="bbox 1091 2295 1890 2336; baseline 0.001 -1"><span class='ocrx_word' id='word_1_357' title='bbox 1091 2295 1164 2335; x_wconf 89' lang='lat' dir='ltr'>suo</span> <span class='ocrx_word' id='word_1_358' title='bbox 1218 2295 1430 2335; x_wconf 88' lang='lat' dir='ltr'>arbitratu</span> <span class='ocrx_word' id='word_1_359' title='bbox 1477 2295 1758 2336; x_wconf 89' lang='lat' dir='ltr'>collocandas</span> <span class='ocrx_word' id='word_1_360' title='bbox 1803 2301 1890 2336; x_wconf 89' lang='lat' dir='ltr'>tra-</span> 
     </span>
     <span class='ocr_line' id='line_1_83' title="bbox 1091 2352 1888 2406; baseline 0.001 -14"><span class='ocrx_word' id='word_1_361' title='bbox 1091 2354 1224 2393; x_wconf 90' lang='lat' dir='ltr'>deret.</span> <span class='ocrx_word' id='word_1_362' title='bbox 1288 2353 1401 2394; x_wconf 90' lang='lat' dir='ltr'>Cum</span> <span class='ocrx_word' id='word_1_363' title='bbox 1426 2353 1558 2406; x_wconf 86' lang='lat' dir='ltr'>igitur</span> <span class='ocrx_word' id='word_1_364' title='bbox 1581 2352 1802 2394; x_wconf 83' lang='lat' dir='ltr'>Siracusas</span> <span class='ocrx_word' id='word_1_365' title='bbox 1825 2367 1888 2393; x_wconf 91' lang='lat' dir='ltr'>re-</span> 
     </span>
     <span class='ocr_line' id='line_1_84' title="bbox 1091 2409 1890 2462; baseline 0 -12"><span class='ocrx_word' id='word_1_366' title='bbox 1091 2409 1262 2462; x_wconf 61' lang='lat' dir='ltr'>dijsseff,</span> <span class='ocrx_word' id='word_1_367' title='bbox 1288 2411 1426 2451; x_wconf 88' lang='lat' dir='ltr'>Lucia</span> <span class='ocrx_word' id='word_1_368' title='bbox 1453 2424 1606 2451; x_wconf 89' lang='lat' dir='ltr'>omnes</span> <span class='ocrx_word' id='word_1_369' title='bbox 1636 2411 1730 2450; x_wconf 91' lang='lat' dir='ltr'>suas</span> <span class='ocrx_word' id='word_1_370' title='bbox 1754 2411 1890 2451; x_wconf 89' lang='lat' dir='ltr'>sacul-</span> 
     </span>
     <span class='ocr_line' id='line_1_85' title="bbox 1089 2468 1889 2522; baseline 0 -14"><span class='ocrx_word' id='word_1_371' title='bbox 1089 2474 1203 2508; x_wconf 90' lang='lat' dir='ltr'>tates</span> <span class='ocrx_word' id='word_1_372' title='bbox 1231 2468 1443 2516; x_wconf 85' lang='lat' dir='ltr'>vendidit,</span> <span class='ocrx_word' id='word_1_373' title='bbox 1465 2474 1509 2508; x_wconf 93' lang='lat' dir='ltr'>et</span> <span class='ocrx_word' id='word_1_374' title='bbox 1541 2469 1751 2521; x_wconf 84' lang='lat' dir='ltr'>pecunias</span> <span class='ocrx_word' id='word_1_375' title='bbox 1783 2482 1889 2522; x_wconf 89' lang='lat' dir='ltr'>pau-</span> 
     </span>
     <span class='ocr_line' id='line_1_86' title="bbox 1089 2525 1889 2579; baseline 0 -14"><span class='ocrx_word' id='word_1_376' title='bbox 1089 2527 1266 2578; x_wconf 87' lang='lat' dir='ltr'>peribus</span> <span class='ocrx_word' id='word_1_377' title='bbox 1325 2526 1551 2567; x_wconf 86' lang='lat' dir='ltr'>distribuit.</span> <span class='ocrx_word' id='word_1_378' title='bbox 1631 2525 1763 2579; x_wconf 77' lang='lat' dir='ltr'>Quod</span> <span class='ocrx_word' id='word_1_379' title='bbox 1816 2527 1889 2566; x_wconf 90' lang='lat' dir='ltr'>vbi</span> 
     </span>
     <span class='ocr_line' id='line_1_87' title="bbox 1090 2581 1888 2637; baseline 0 -14"><span class='ocrx_word' id='word_1_380' title='bbox 1090 2584 1268 2637; x_wconf 87' lang='lat' dir='ltr'>sponsus</span> <span class='ocrx_word' id='word_1_381' title='bbox 1329 2585 1421 2624; x_wconf 92' lang='lat' dir='ltr'>eius</span> <span class='ocrx_word' id='word_1_382' title='bbox 1483 2584 1664 2631; x_wconf 86' lang='lat' dir='ltr'>resciuit,</span> <span class='ocrx_word' id='word_1_383' title='bbox 1724 2581 1888 2623; x_wconf 55' lang='lat' dir='ltr'>faffmm</span> 
     </span>
     <span class='ocr_line' id='line_1_88' title="bbox 1089 2641 1889 2694; baseline 0 -13"><span class='ocrx_word' id='word_1_384' title='bbox 1089 2642 1315 2694; x_wconf 63' lang='lat' dir='ltr'>aegerrime</span> <span class='ocrx_word' id='word_1_385' title='bbox 1338 2641 1492 2690; x_wconf 85' lang='lat' dir='ltr'>serens,</span> <span class='ocrx_word' id='word_1_386' title='bbox 1506 2642 1562 2681; x_wconf 90' lang='lat' dir='ltr'>ad</span> <span class='ocrx_word' id='word_1_387' title='bbox 1581 2641 1696 2681; x_wconf 88' lang='lat' dir='ltr'>vrbis</span> <span class='ocrx_word' id='word_1_388' title='bbox 1712 2641 1889 2694; x_wconf 74' lang='lat' dir='ltr'>praefec—</span> 
     </span>
     <span class='ocr_line' id='line_1_89' title="bbox 1088 2699 1887 2739; baseline 0 0"><span class='ocrx_word' id='word_1_389' title='bbox 1088 2705 1182 2739; x_wconf 90' lang='lat' dir='ltr'>tum</span> <span class='ocrx_word' id='word_1_390' title='bbox 1220 2699 1492 2739; x_wconf 81' lang='lat' dir='ltr'>Paschasium</span> <span class='ocrx_word' id='word_1_391' title='bbox 1526 2699 1668 2739; x_wconf 84' lang='lat' dir='ltr'>desert</span> <span class='ocrx_word' id='word_1_392' title='bbox 1705 2700 1887 2739; x_wconf 89' lang='lat' dir='ltr'>Luciam</span> 
     </span>
    </p>
   </div>
   <div class='ocr_carea' id='block_1_12' title="bbox 1157 2814 1593 2952">
    <p class='ocr_par' dir='ltr' id='par_1_15' title="bbox 1157 2814 1593 2952">
     <span class='ocr_line' id='line_1_90' title="bbox 1157 2814 1371 2849; baseline 0.009 -2"><span class='ocrx_word' id='word_1_393' title='bbox 1157 2814 1170 2835; x_wconf 81' lang='grc'><em>5</em></span> <span class='ocrx_word' id='word_1_394' title='bbox 1195 2814 1285 2848; x_wconf 85' lang='lat' dir='ltr'>sedit</span> <span class='ocrx_word' id='word_1_395' title='bbox 1306 2827 1312 2848; x_wconf 75' lang='grc' dir='ltr'>ε</span> <span class='ocrx_word' id='word_1_396' title='bbox 1333 2815 1371 2849; x_wconf 85' lang='lat' dir='ltr'>P.</span> 
     </span>
     <span class='ocr_line' id='line_1_91' title="bbox 1157 2861 1467 2905; baseline 0.003 -11"><span class='ocrx_word' id='word_1_397' title='bbox 1157 2861 1170 2881; x_wconf 77' lang='lat'>0</span> <span class='ocrx_word' id='word_1_398' title='bbox 1197 2862 1257 2895; x_wconf 82' lang='lat' dir='ltr'>die</span> <span class='ocrx_word' id='word_1_399' title='bbox 1275 2872 1340 2905; x_wconf 79' lang='lat'>,13.</span> <span class='ocrx_word' id='word_1_400' title='bbox 1361 2863 1401 2894; x_wconf 73' lang='lat'>2&#39;72</span> <span class='ocrx_word' id='word_1_401' title='bbox 1421 2874 1467 2895; x_wconf 84' lang='lat' dir='ltr'>m.</span> 
     </span>
     <span class='ocr_line' id='line_1_92' title="bbox 1157 2907 1593 2952; baseline 0 -11"><span class='ocrx_word' id='word_1_402' title='bbox 1157 2907 1169 2928; x_wconf 77' lang='lat'>⁷</span> <span class='ocrx_word' id='word_1_403' title='bbox 1196 2908 1381 2952; x_wconf 82' lang='lat' dir='ltr'>redijssent</span> <span class='ocrx_word' id='word_1_404' title='bbox 1403 2921 1408 2941; x_wconf 91' lang='lat'><strong>:</strong></span> <span class='ocrx_word' id='word_1_405' title='bbox 1430 2909 1471 2941; x_wconf 89' lang='lat' dir='ltr'>R.</span> <span class='ocrx_word' id='word_1_406' title='bbox 1494 2909 1531 2941; x_wconf 70' lang='lat' dir='ltr'>P,</span> <span class='ocrx_word' id='word_1_407' title='bbox 1552 2909 1593 2941; x_wconf 72' lang='lat' dir='ltr'>A.</span> 
     </span>
    </p>
   </div>
  </div>
 </body>
</html>
