1981 3248
225 133 265 174 h

485 258 631 300 Laeto
662 259 760 314 aas.

322 349 496 390 Icolaus
534 350 684 392 illustri
721 352 819 393 loco
854 353 1025 395 Patarae

351 414 492 457 natus,
516 410 635 462 quod
658 411 873 463 oppidum
897 412 957 452 est
980 413 1022 453 in

223 465 373 518 Lycia,
414 467 594 507 orbatus
643 468 686 507 in
728 469 1024 511 adolescentia

219 530 406 577 Vtroque
434 531 628 578 parente,
650 539 804 566 omnes
834 527 929 567 suas
961 527 1023 568 fa-

219 581 407 622 cultates
468 583 736 635 pauperibus
792 585 1019 626 distribuit.

223 640 358 681 Cuius
381 640 487 680 illud
506 654 584 693 per
602 640 747 682 fauete
765 648 809 682 et
830 642 1022 696 benigne

221 696 404 738 fa&um2
450 699 494 738 in
543 699 694 751 primis
740 708 1019 742 memoratur.

220 755 353 809 Quod
383 769 484 796 cum
510 758 691 809 quidam
714 759 806 798 eius
832 759 939 799 ciuis
962 773 1019 799 ex

218 814 358 854 diuite
399 815 702 867 pauperrimus
742 814 897 865 fastus,
933 824 1020 857 tres

218 871 330 912 filias
361 872 449 912 iam
478 873 572 912 viro
603 879 798 914 maturas
827 888 914 915 non
945 889 1020 915 va-

217 929 311 970 lens
340 944 431 983 prae
455 931 604 983 inopia
627 932 909 972 matrimonio
932 932 1019 973 col-

217 988 371 1037 locare,
402 988 610 1029 statuisset
642 989 911 1042 prostituere,
942 992 1020 1031 Ni-

217 1045 367 1086 colaus
394 1060 438 1086 re
460 1047 650 1099 cognita,
672 1048 865 1100 quadam
890 1047 1020 1089 noete

217 1118 295 1157 per
331 1104 561 1144 fenestram
599 1111 773 1146 tantum
815 1107 1020 1159 pecunia-

217 1176 313 1202 rum
337 1162 450 1202 clam
478 1164 661 1215 proiecit
690 1164 732 1203 in
757 1164 940 1204 domum
970 1164 1019 1204 il-

216 1220 311 1269 liuS,
328 1227 544 1273 quantum
569 1221 662 1261 doti
680 1222 807 1262 Vnius
830 1222 1017 1262 filiarum

215 1278 391 1319 abunde
434 1278 656 1320 sufficeret.
731 1279 864 1332 Quod
916 1294 1016 1320 cum

215 1336 387 1383 iterum,
435 1343 479 1377 et
529 1337 660 1377 tertio
712 1337 884 1385 fecisset,
930 1344 1018 1378 tres

215 1394 519 1435 honestisfimae
579 1395 771 1448 virgines
837 1396 1017 1436 dotibus

215 1453 408 1505 acceptis
437 1452 628 1493 honestis
659 1454 760 1493 viris
791 1453 834 1493 in
868 1454 1018 1494 matri-

215 1511 411 1551 monium
432 1511 548 1551 datae
572 1511 677 1551 sunt.
744 1512 828 1551 His
852 1518 895 1552 et
918 1511 1017 1552 tali-

214 1569 295 1609 bus
313 1569 524 1609 virtutum
546 1568 710 1621 officijs,
729 1583 828 1609 cum
853 1583 1017 1622 magna

216 1627 300 1667 suae
332 1625 573 1667 sanetitatis
603 1627 853 1680 praebuisset
882 1628 1016 1668 docu-

215 1691 375 1733 menta,
395 1685 570 1737 Myram
590 1685 805 1738 oppidum
824 1685 1016 1725 eiusdem

214 1743 453 1796 prouinciae
477 1741 502 1782 a
524 1744 608 1783 deo
630 1743 833 1784 videlicet
863 1744 1016 1784 admo-

215 1802 332 1841 nitus
375 1801 615 1849 contendit,
655 1815 707 1841 eo
750 1801 1015 1853 potissimum

212 1867 426 1912 tempore,
440 1873 528 1911 quo
543 1859 633 1899 eius
652 1858 878 1911 episcopus
896 1860 1015 1899 obie-

213 1923 291 1958 rat.
352 1917 441 1957 Vbi
465 1930 563 1956 cum
594 1917 885 1969 prouinciales
908 1916 1015 1969 epis-

211 1975 310 2028 copi
340 1973 416 2015 de3
443 1975 646 2027 eligendo
678 1974 881 2028 episcopo
913 1988 1016 2014 con-

212 2034 432 2081 sultarent,
448 2033 657 2073 diuinitus
673 2033 887 2073 admoniti
907 2032 1015 2080 sunt,

213 2098 261 2132 vt
299 2105 398 2131 eum
437 2090 658 2143 eligerent,
696 2091 769 2143 qui
809 2090 1014 2143 postridie

214 2163 344 2190 mane
382 2149 592 2189 Nicolaus
633 2149 810 2188 nomine
847 2150 1013 2201 primus

211 2207 433 2248 ecclesiam
487 2207 797 2258 ingrederetur.
880 2205 1012 2259 Quod

212 2279 311 2305 cum
336 2265 554 2305 accidisset
585 2264 786 2314 Nicolao,
814 2278 1013 2317 compre-

212 2323 368 2363 hensus
401 2324 456 2363 ab
486 2322 816 2362 obseruantibus
849 2336 1012 2374 magno

212 2379 469 2422 cun&orum
521 2380 726 2420 consensu
785 2380 1012 2433 episcopus

209 2445 391 2479 creatur.
453 2437 584 2491 Quod
624 2451 781 2478 munus
816 2444 908 2477 tam
947 2452 1010 2478 re-

210 2497 370 2550 ligiose,
391 2503 481 2537 tam
507 2494 661 2544 fauete,
685 2497 1010 2548 prudenterque

210 2555 343 2608 gessit,
357 2561 404 2594 vt
422 2555 564 2594 omnis
579 2554 751 2593 virtutis
766 2567 816 2593 ac
831 2553 1009 2606 pietatis

209 2613 484 2652 clarissimum
550 2611 678 2651 fuerit
738 2611 1009 2663 exemplum,

210 2670 546 2722 maximumque
606 2669 666 2708 sui
732 2669 1007 2722 desyderium

208 2727 417 2768 vniuersae
461 2728 611 2779 Lyciae
648 2727 838 2766 moriens
875 2732 1008 2766 aetate

207 2786 327 2826 senili
359 2784 456 2837 .viij.
490 2785 586 2824 idus
620 2784 878 2824 Decembris
911 2784 1008 2824 reli-

274 2880 288 2903 1
315 2881 375 2914 die
393 2879 458 2914 .16.
480 2881 519 2913 in
539 2891 585 2913 m.
604 2880 648 2914 V.
692 2878 724 2913 6.
745 2880 787 2913 R.
806 2880 843 2913 P.
861 2880 904 2913 A.

274 2927 288 2949 2
313 2926 478 2961 sanstum
502 2939 507 2960 :
527 2927 569 2961 A.

275 2974 289 2996 3
316 2976 361 3008 de
384 2986 474 3008 zeus.
497 2975 534 3007 P,

252 122 305 163 -6
909 141 1207 176 DECEMBER.

1098 222 1254 274 querit.
1286 223 1359 263 vbi
1404 223 1555 265 multis
1597 225 1732 266 etiam
1775 226 1902 268 mira-

1095 279 1203 320 culis
1225 279 1423 322 claruisse
1445 289 1725 325 memoratur.

1098 373 1143 418 {1
1174 370 1429 424 Ambrosius
1457 372 1663 425 episcopus
1691 375 1901 427 consessor.

1326 430 1484 483 duplex
1512 431 1667 473 mium.

1415 515 1506 557 Ora
1511 517 1580 558 2‘2‘0.

1099 588 1290 670 DEus,
1312 589 1386 642 qui
1417 590 1584 642 populo
1615 596 1692 631 tuo
1719 597 1898 633 aeternae

1216 647 1364 687 salutis
1399 648 1580 687 beatum
1613 649 1897 691 Ambrofium

1090 705 1332 745 ministrum
1355 705 1539 746 tribuisti
1564 721 1571 745 ε
1594 707 1750 759 praesta
1778 722 1897 761 quae-

1089 762 1235 803 sumus
1260 779 1267 803 :
1292 770 1339 804 vt
1371 777 1502 816 quem
1533 762 1762 805 do&orem
1792 766 1895 806 vitae

1089 819 1323 861 habuimus
1342 821 1385 861 in
1401 822 1527 861 terris
1546 838 1553 862 ;
1572 822 1894 864 intercessorem

1088 877 1250 919 habere
1280 893 1528 919 mereamur
1555 880 1598 919 in
1629 880 1752 921 coelis
1783 895 1791 922 :
1818 895 1896 935 per

1089 937 1332 977 dominum.

1360 1029 1506 1069 Lefflio
1529 1028 1623 1082 .z'ij⁴.

1154 1103 1368 1144 Mbrosius
1424 1104 1760 1145 mediolanensis
1817 1120 1893 1147 an-

1204 1161 1324 1201 tistes
1361 1161 1597 1202 Ambrosio
1635 1169 1760 1215 patre
1797 1165 1893 1205 ciue

1090 1219 1296 1259 Romano
1325 1219 1518 1259 Galliam
1548 1221 1891 1271 administrante,

1089 1284 1218 1317 natus
1236 1277 1306 1326 est,
1326 1277 1462 1318 Cuius
1481 1278 1523 1317 in
1542 1292 1615 1318 ore
1634 1278 1891 1320 dormientis

1088 1336 1130 1375 in
1155 1334 1302 1375 cunis⁵
1325 1349 1515 1375 examen
1536 1349 1669 1388 apum
1688 1337 1893 1389 praestan-

1085 1394 1193 1433 tiam
1230 1394 1309 1434 viri
1347 1394 1616 1446 portendens
1654 1395 1891 1436 consedisse

1087 1451 1231 1491 fertur.
1296 1452 1384 1493 Sed
1432 1452 1590 1491 Romae
1632 1451 1888 1493 liberalibus

1086 1509 1323 1562 disciplinis
1371 1509 1581 1557 eruditus,
1622 1510 1679 1550 ob
1721 1511 1886 1564 ingenij

1086 1568 1177 1608 eius
1196 1581 1381 1607 acumen
1396 1574 1439 1608 et
1458 1567 1686 1616 solertiam,
1704 1567 1729 1608 a
1747 1569 1887 1610 Probo

1085 1623 1306 1679 pi‘aese&o,
1335 1632 1382 1666 vt
1416 1625 1641 1678 Liguriam
1670 1626 1888 1679 guberna-

1086 1691 1152 1724 ret
1199 1683 1358 1732 missus,
1400 1683 1706 1724 Mediolanum
1752 1685 1886 1726 venit.

1085 1742 1174 1782 Vbi
1218 1748 1393 1781 mortuo
1431 1742 1644 1781 auxentio
1682 1742 1886 1795 episcopo

1085 1800 1267 1846 arriano,
1284 1813 1383 1839 cum
1403 1798 1591 1851 populus
1610 1799 1651 1839 in
1671 1798 1886 1841 elerstione

1084 1857 1279 1910 praesulis
1311 1857 1539 1904 dissideret,
1571 1862 1615 1896 et
1653 1857 1740 1910 ipse
1779 1858 1886 1898 sedi-

1084 1916 1217 1955 tionis
1268 1915 1472 1955 sedandae
1524 1914 1664 1955 studio
1711 1916 1767 1955 ad
1817 1930 1885 1956 ec-

1084 1973 1255 2012 clesiam
1289 1972 1544 2025 perrexisset
1578 1972 1717 2012 subita
1748 1975 1884 2014 totius

1084 2031 1235 2084 populi
1287 2044 1393 2070 voce
1441 2029 1723 2070 Ambrosium
1776 2032 1884 2083 epis-

1083 2102 1243 2142 copum
1297 2087 1592 2136 acclamantis,
1638 2088 1882 2129 incredibili

1084 2154 1127 2187 et
1169 2146 1488 2186 catholicorum
1526 2152 1570 2186 et
1611 2146 1882 2187 arrianorum

1083 2204 1287 2245 consensu
1307 2203 1509 2256 pontifex
1528 2203 1713 2256 eligitur.
1749 2204 1881 2257 Quod

1082 2276 1192 2303 onus
1215 2269 1258 2303 et
1287 2262 1314 2301 sl
1344 2262 1417 2302 diu
1448 2261 1588 2301 subire
1608 2261 1879 2312 recusauerit,

1081 2326 1230 2360 tamen
1262 2319 1578 2360 Valentiniano
1616 2319 1881 2372 imperatore

1082 2376 1341 2418 eleotionem
1374 2376 1562 2417 libenter
1593 2377 1879 2429 approbante,

1081 2450 1168 2476 non
1203 2436 1347 2489 potuit
1379 2435 1531 2488 populi
1563 2434 1684 2474 simul
1717 2448 1767 2475 ac
1799 2436 1878 2475 im-

1080 2494 1292 2547 peratoris
1324 2492 1552 2544 desyderio
1584 2498 1627 2532 et
1660 2491 1877 2533 voluntati

1080 2551 1277 2591 resistere.
1330 2550 1542 2603 Suscepto
1566 2550 1697 2602 igitur
1716 2550 1875 2603 episco-

1079 2615 1197 2662 patu,
1239 2623 1289 2648 ea
1334 2609 1437 2648 vitae
1487 2606 1784 2655 sanctimonia,
1826 2622 1876 2648 ac

1079 2680 1252 2707 morum
1295 2666 1559 2718 integritate,
1597 2663 1877 2706 auctoritate-

1078 2739 1162 2777 que
1200 2738 1358 2764 munus
1390 2723 1541 2772 obiuit,
1573 2729 1620 2763 vt
1656 2723 1693 2762 ei
1732 2723 1876 2764 Theo-

1077 2782 1219 2823 dosius
1268 2782 1515 2834 imperator,
1563 2794 1652 2833 quo
1698 2780 1876 2821 iubente

1144 2875 1158 2897 4
1184 2876 1243 2910 die
1261 2885 1303 2918 .7.
1323 2876 1364 2909 in
1384 2887 1429 2909 m.
1463 2885 1505 2909 10
1524 2876 1560 2910 P.
1579 2875 1623 2908 A.

1145 2923 1159 2945 5
1185 2923 1287 2957 cuius
1313 2923 1381 2957 :A.
