1981 3248
852 149 1022 181 MAJUS.

99 226 342 276 conuersus,
370 232 414 267 et
458 225 584 279 super
617 239 762 278 genua
796 240 895 279 pro-

99 284 322 329 cumbens,
358 298 457 337 quae
491 283 551 323 illi
589 283 647 323 ob
684 284 894 323 assiduum

100 342 253 381 orandi
283 342 403 382 vsum
434 342 476 381 in
507 340 777 381 camelorum
805 341 896 394 spe-

100 399 211 439 ciem
242 399 532 445 occaluerant,
557 412 636 451 pro
671 398 767 451 ipsls
802 413 896 438 ora-

99 456 176 496 bat
200 472 207 497 :
229 458 370 497 donec
392 455 515 497 ve6³oe
545 456 721 496 fullonis
751 457 896 509 capite

100 515 374 554 comminuto
416 514 613 567 spiritum
657 514 794 553 emifit
826 528 896 554 ca-

100 572 241 612 lendis
265 572 385 624 Maij.
449 571 550 625 Quo
574 572 615 611 in
640 571 736 612 loco
759 585 896 625 prope

99 629 316 683 templum
340 630 399 670 est
422 629 625 683 sepultus

106 742 396 823 PHilippus
468 742 688 796 apostolus
759 757 895 796 quum

208 815 346 841 annos
379 801 548 841 circiter
577 801 731 853 viginti
764 815 896 841 euan-

99 858 265 911 gelium
307 860 350 898 in
394 858 576 912 Scythia
627 859 894 911 predicasset,

100 930 367 969 omnemque
385 916 472 957 fere
493 923 674 970 gentem
696 916 815 956 illam
840 918 894 957 ad

99 988 213 1014 verae
236 975 414 1027 pietatis
438 975 605 1014 cultum
624 975 894 1020 traduxisset,

99 1032 155 1072 ab
178 1031 427 1072 infidelibus
456 1030 621 1072 tractus
650 1033 705 1072 ad
739 1033 895 1072 Martis

99 1090 300 1137 statuam,
339 1096 385 1130 vt
422 1090 680 1130 sacrificaret
719 1105 726 1129 τ
763 1091 895 1130 draco

100 1148 202 1188 inde
228 1154 410 1201 repente
436 1148 600 1196 extitit,
622 1148 694 1200 qui
719 1147 895 1201 pontifi-

98 1206 159 1245 cis
189 1205 326 1246 filium
356 1212 474 1246 certo
504 1205 672 1258 impetu
702 1206 894 1255 adortus,

98 1263 287 1303 letaliter
321 1264 531 1316 percusfit,
564 1270 607 1303 et
643 1277 749 1303 mox
784 1264 894 1304 duos

98 1321 310 1369 tribunos,
344 1335 394 1361 ac
430 1321 557 1361 multi
592 1328 805 1374 praeterea
839 1322 894 1361 ab

99 1393 151 1419 eo
169 1379 316 1428 afflati,
334 1379 559 1419 confestim
579 1379 621 1418 in
645 1378 893 1432 pestiferum

99 1436 356 1489 languorem
373 1437 630 1477 inciderunt.
666 1436 894 1490 Philippus

99 1501 247 1535 autem
285 1494 523 1547 perculsam
562 1494 892 1534 multitudinem

99 1552 269 1600 affatus,
293 1552 339 1592 Si
363 1566 460 1604 quae
484 1552 608 1592 vobis
631 1552 787 1591 dixero
809 1552 893 1605 (in-

99 1610 213 1663 quit)
250 1610 397 1650 sedulo
435 1609 653 1658 curabitis,
686 1609 895 1662 polliceor

97 1667 305 1715 futurum,
326 1674 372 1708 vt
402 1667 516 1707 male
545 1665 689 1707 affeffiti
712 1668 766 1707 ad
791 1667 893 1720 pris-

97 1726 235 1766 tinam
265 1725 575 1772 valetudinem,
601 1732 643 1765 et
673 1726 747 1777 qui
779 1739 892 1765 mor-

97 1785 159 1824 tui
182 1783 279 1824 sunt
301 1783 452 1823 diuina
480 1783 641 1823 virtute
670 1783 725 1822 ad
755 1784 891 1823 vitam

97 1847 357 1881 reuocentur
390 1857 397 1881 :
426 1840 687 1893 pestiferque
718 1841 892 1893 serpens

97 1899 241 1939 statim
269 1899 482 1951 abigatur.
546 1898 604 1938 Et
636 1898 892 1951 rogantibus

97 1957 202 2009 quid
235 1970 346 2010 opus
378 1956 481 1996 esset
513 1954 641 1996 sarsto.
705 1956 772 1996 Ite
810 1957 891 2008 (in-

97 2014 210 2067 quit)
249 2022 291 2054 et
328 2014 542 2054 daemonis
585 2014 722 2060 huius,
760 2028 891 2066 quem

97 2072 239 2112 colitis
271 2071 578 2111 fimulachrum
611 2071 798 2123 deijcite‚
831 2071 892 2111 lo-

96 2143 285 2182 cumque
346 2130 461 2169 vnde
522 2128 628 2169 illud
691 2129 890 2169 demoliti

94 2187 271 2234 fueritis,
309 2186 427 2239 signo
462 2187 600 2226 crucis
638 2186 838 2238 infignite
879 2202 885 2226 :

97 2245 228 2297 idque
250 2245 293 2284 in
319 2243 474 2284 Christi
499 2244 702 2283 nazareni
726 2258 891 2284 memo-

97 2303 205 2342 riam
240 2315 411 2341 mecum
448 2301 661 2354 supplices
696 2302 889 2341 adorate.

98 2360 327 2400 Facessunt
373 2359 551 2411 ‚Scythae
601 2359 721 2411 pium
767 2373 888 2411 opus.

96 2431 184 2470 quo
221 2418 301 2457 rite
338 2422 581 2469 procurato,
621 2422 663 2456 et
700 2417 773 2469 qui
817 2417 889 2457 de-

97 2473 233 2515 func'ti
269 2474 440 2514 fuerant
475 2475 686 2522 reuixere‚
718 2480 760 2514 et
796 2488 890 2526 per-

96 2532 256 2572 niciosa
278 2531 406 2584 pestis
430 2531 502 2571 illa
531 2532 681 2584 procul
711 2532 889 2572 discussa

96 2589 165 2630 est.
199 2603 341 2642 neque
373 2603 567 2641 vnquam
600 2589 748 2642 postea
775 2589 888 2629 visus

95 2648 237 2687 draco.
283 2647 366 2686 His
391 2646 628 2699 Philippus,
654 2647 887 2700 multisque

96 2704 194 2756 alijs
210 2705 338 2744 rebus
361 2704 571 2744 diuinitus
593 2704 735 2757 gestis,
750 2718 885 2757 quum

98 2762 373 2815 Hieropolim
406 2761 521 2801 Afiae
552 2762 777 2802 ciuitatem
815 2776 885 2802 ve-

96 2819 228 2868 nisset,
248 2819 303 2859 ab
325 2818 578 2859 Hebionitis
597 2821 711 2859 cruci
731 2819 889 2860 affixus

329 2959 340 2980 ¹
368 2960 427 2993 die
448 2969 490 2993 .2.
511 2960 551 2993 in
571 2971 615 2994 m.

1691 145 1768 187 127

968 232 1016 324 {tl
1034 225 1259 291 lapidibus
1283 225 1466 266 obrutus
1488 226 1548 267 est
1571 225 1767 267 calendis

1022 298 1090 337 aij.

967 383 1012 427 {I
1035 380 1305 432 Atlmnastus
1325 380 1530 434 episcopus
1550 381 1759 434 confessor.

1199 438 1342 479 Laevia
1365 437 1524 479 tertia&

969 511 1268 592 Nhanafius
1299 512 1527 565 episcopus
1548 513 1613 553 vir
1641 515 1762 554 omni

1070 571 1284 610 virtutum
1307 583 1468 622 genere
1490 577 1534 611 et
1562 568 1763 612 dofitrina

968 626 1231 676 clarissimus,
1285 642 1486 681 veraeque
1543 629 1763 681 religionis

969 691 1273 738 propugnator
1314 686 1525 738 egregius,
1568 686 1647 727 fuit
1689 700 1763 727 na-

968 743 1762 796 tioneaegyptiusAlexandriaeortus.

970 799 1057 852 Qui
1119 801 1174 841 ab
1235 801 1500 841 Alexandro
1561 802 1764 855 episcopo

969 858 1261 898 alexandrino
1321 858 1549 912 presbyter
1611 857 1764 909 fa&us,

969 915 1107 968 ipsum
1142 916 1311 956 secutus
1347 916 1406 956 est
1435 918 1490 957 ad
1529 917 1760 958 concilium

969 973 1184 1013 nicenum.
1246 974 1334 1014 Vbi
1365 988 1463 1014 cum
1488 974 1668 1015 Arrium
1691 989 1763 1015 ve-

968 1030 1198 1071 hementer
1224 1032 1486 1084 represfisset‚
1509 1033 1756 1073 maximum

968 1089 1012 1129 in
1042 1089 1082 1129 se
1111 1089 1261 1129 odium
1292 1089 1582 1130 Arrianorum
1619 1092 1761 1131 conci-

967 1147 1089 1187 tauit.
1137 1146 1181 1186 A
1196 1147 1354 1200 quibus
1372 1147 1602 1201 postquam
1619 1149 1761 1189 eidem

967 1204 1231 1245 Alexandro
1261 1205 1303 1245 in
1327 1205 1579 1258 episcopatu
1603 1206 1762 1246 succes-

968 1262 1026 1310 fit,
1056 1262 1232 1303 difficile
1264 1261 1383 1303 <1118oe
1417 1263 1489 1311 est,
1523 1270 1632 1316 quot
1665 1264 1760 1304 infi-

966 1320 1073 1369 dias,
1097 1326 1294 1373 quotque
1317 1321 1600 1361 incommoda
1616 1322 1761 1374 passus

967 1377 1105 1418 fuerit.
1169 1378 1368 1431 Quorum
1410 1392 1495 1418 non
1537 1379 1657 1419 nulla
1699 1393 1762 1419 re-

965 1436 1245 1476 censebimus.
1278 1434 1443 1476 Coac'to
1459 1437 1575 1489 apud
1593 1437 1760 1489 Tyrum

965 1493 1150 1533 concilio
1180 1493 1480 1546 episcoporum
1512 1508 1673 1547 magna
1702 1509 1760 1535 ex

965 1557 1090 1604 parte
1147 1551 1438 1591 Arrianorum
1503 1552 1758 1593 muliercula

965 1609 1171 1662 quaedam
1213 1609 1269 1649 ab
1307 1609 1366 1649 eis
1409 1609 1643 1650 subornata
1685 1610 1758 1658 est,

965 1680 1064 1719 quae
1082 1666 1373 1706 Athanaslum
1392 1667 1622 1717 accusaret,
1640 1669 1758 1720 quod

965 1723 989 1764 a
1031 1724 1071 1764 se
1116 1724 1303 1777 hospitio
1355 1724 1584 1777 susceptus,
1626 1724 1759 1765 nocfftu

966 1781 1087 1822 illata
1101 1783 1141 1822 vi
1158 1783 1415 1834 pudicitiam
1435 1783 1527 1822 eius
1550 1783 1759 1824 violasset.

966 1840 1193 1880 Introduci
1217 1840 1272 1880 ad
1296 1840 1389 1880 haec
1420 1840 1593 1880 iubetur
1616 1840 1758 1880 Atha-

965 1898 1117 1945 nasius,
1159 1911 1256 1937 cum
1300 1912 1388 1950 quo
1440 1898 1648 1950 ingressus
1700 1898 1759 1939 est

963 1955 1225 1995 Timotheus
1240 1955 1466 2009 presbyter
1480 1956 1588 1996 suus,
1627 1956 1760 1997 Cum-

964 2026 1048 2065 que
1072 2013 1226 2053 mulier
1248 2027 1298 2053 ea
1320 2027 1419 2066 quae
1442 2011 1598 2054 edo&a
1620 2014 1760 2054 fuerat

964 2071 1209 2123 perorasset,
1252 2071 1514 2111 Timotheus
1556 2071 1759 2111 Athana-

964 2128 1068 2168 slum
1104 2129 1145 2168 se
1178 2129 1260 2168 esse
1304 2128 1519 2176 simulans,
1554 2129 1670 2169 Vere
1705 2143 1758 2169 ne

963 2186 1142 2238 (inquit)
1175 2186 1329 2226 mulier
1357 2200 1440 2238 ego
1471 2186 1603 2226 mansi
1638 2187 1755 2239 apud

963 2249 1007 2283 te
1048 2243 1317 2296 aliquando?
1355 2250 1429 2283 aut
1465 2244 1553 2283 vim
1592 2244 1669 2283 tibi
1712 2250 1757 2284 vt

963 2301 1106 2340 asseris
1132 2300 1290 2340 intuli?
1352 2301 1477 2341 Tunc
1507 2301 1580 2341 illa
1606 2315 1756 2354 proca-

963 2359 1071 2398 citer
1093 2359 1378 2398 Timotheum
1398 2359 1645 2411 obiurgans,
1667 2358 1758 2399 Tu²

964 2416 1141 2469 (inquit)
1186 2416 1292 2455 mihi
1333 2416 1420 2455 vim
1464 2416 1606 2456 fecisti.
1689 2417 1756 2456 Tu

962 2473 1288 2513 commaculasti
1323 2473 1566 2513 castitatem
1602 2487 1758 2521 meam,

961 2538 1004 2571 et
1047 2531 1102 2570 ad
1158 2532 1322 2571 iudices
1371 2531 1578 2571 conuersa
1621 2533 1757 2584 coepit

961 2588 1167 2628 obtestari
1188 2589 1319 2629 fidem
1339 2589 1408 2628 dei
1431 2603 1532 2628 vera
1555 2589 1637 2628 esse
1660 2603 1758 2642 quae

961 2647 1136 2692 diceret,
1171 2647 1378 2698 ignorans
1415 2646 1619 2686 videlicet
1656 2660 1756 2686 eum

960 2702 986 2744 a
1014 2717 1101 2756 quo
1131 2704 1219 2744 vim
1251 2703 1290 2743 se
1325 2704 1566 2756 perpessam
1601 2706 1756 2744 menti-

961 2768 1058 2802 tura
1092 2761 1413 2813 subijciebatur.
1477 2762 1535 2801 Et
1570 2762 1623 2801 sic
1657 2775 1756 2801 cum

961 2819 1041 2859 risu
1066 2818 1188 2859 simul
1203 2825 1246 2859 et
1262 2819 1570 2871 indignatione
1585 2819 1759 2859 mulier-

1078 2959 1090 2979 2
1117 2960 1185 3002 Tu,
1205 2965 1242 2992 tu
1268 2971 1274 2992 :
1297 2960 1336 2992 R.
1361 2960 1396 2993 P.
1416 2960 1459 2993 A.
