1981 3248
219 126 299 167 116

213 218 404 259 nexibus
435 217 687 259 liberemur:
724 217 799 271 qui
830 218 943 259 viuis
975 223 1020 259 et

213 290 382 330 regnas.

215 382 259 427 {1
284 380 365 421 Ad
381 381 647 422 772atut2'72u772
681 379 1017 422 z'7mz‘tat0rz'n7721.

273 466 341 506 Tu
375 480 419 506 es
452 466 597 519 pastor
628 467 778 506 ouium
817 467 1019 520 princeps

215 524 523 576 apostolorum,
562 524 641 564 tibi
684 524 866 564 tradidit
909 525 1016 565 deus

213 581 360 622 claues
384 583 506 635 regni
530 582 753 623 coelorum.

510 694 724 747 Hymnus.

224 770 360 851 IAm
384 770 499 810 bone
517 770 661 823 pastor
680 771 807 810 Petre
824 769 1016 810 clemens

303 829 454 881 accipe
488 829 609 868 Vota
646 834 934 881 praecantum‚
974 834 1017 869 et

214 886 383 939 peccati
413 885 587 927 vincula
618 885 804 926 Resolue
832 886 912 926 tibi
940 900 1017 939 po-

214 944 370 985 testate
392 942 592 984 tradita²t
629 944 729 997 Qua
744 942 911 984 cunctis
929 958 1015 984 coe-

216 1002 307 1042 lum
330 1002 463 1042 verbo
487 1001 666 1049 claudis,
690 1003 843 1055 aperis.

276 1059 344 1101 Sit
365 1060 551 1100 trinitati
578 1060 840 1113 sempiterna
862 1059 1016 1112 gloria:

220 1119 388 1166 Honor,
417 1118 620 1171 potestas,
652 1124 785 1170 atque
818 1117 1017 1158 iubilatio

218 1176 269 1216 In
302 1177 470 1217 vnitate
502 1176 570 1216 cui
603 1182 753 1216 manet
785 1176 1017 1228 imperium

218 1234 291 1274 Ex
336 1248 450 1274 nunc
488 1240 531 1274 et
574 1234 708 1274 modo
745 1248 822 1287 per
855 1240 1020 1274 aeterna

218 1292 369 1333 secula.
432 1291 593 1332 Amen.

497 1389 642 1429 Lefflz'o
665 1389 739 1442 aij.

222 1475 503 1559 CAthedra
536 1475 691 1515 summi
724 1474 1019 1528 pontificatus,

329 1534 450 1574 cuius
483 1533 614 1573 hodie
644 1533 798 1573 festum
828 1533 1018 1573 celebra—

216 1605 323 1641 mus,
373 1591 576 1645 promissa
619 1591 678 1632 est
726 1592 868 1639 Petro,
916 1605 1017 1631 cum

217 1649 410 1692 Christus
462 1650 499 1689 ei
552 1650 677 1696 dixit,
731 1655 777 1689 vt
833 1649 1019 1689 habetur

217 1708 422 1748 Matthaei
456 1707 554 1760 .xvj.
588 1708 743 1760 capite.
788 1708 885 1760 Ego
919 1708 1017 1747 dico

217 1766 308 1814 tibi,
338 1766 441 1819 quia
471 1772 516 1805 tu
549 1779 593 1805 es
629 1765 793 1813 Petrus,
821 1772 863 1805 et
892 1765 1018 1818 super

214 1824 328 1864 hanc
351 1830 521 1877 petram
544 1822 776 1863 aedificabo
793 1823 1015 1863 ecclesiam

217 1896 362 1922 meam
387 1897 394 1921 ;
417 1888 460 1921 et
482 1887 621 1934 portae
647 1880 770 1921 inferi
795 1895 881 1921 non
907 1895 1017 1934 pree-

218 1940 429 1980 ualebunt
452 1939 656 1979 aduersus
683 1953 791 1979 eam.
855 1939 913 1979 Et
937 1939 1016 1979 tibi

218 1998 334 2038 dabo
357 1997 503 2037 claues
527 1998 646 2050 regni
670 1997 894 2037 coelorum.
958 1997 1016 2037 Et

217 2056 513 2109 quodcunque
546 2055 749 2107 ligaueris
784 2055 910 2107 super
932 2062 1016 2095 ter-

217 2128 321 2161 ram,
346 2114 427 2153 erit
453 2113 638 2166 ligatum
667 2119 710 2153 et
739 2113 781 2152 in
810 2113 945 2161 coelis,
974 2120 1017 2153 et

216 2172 512 2225 quodcunque
558 2170 734 2211 solueris
774 2171 899 2224 super
933 2177 1017 2211 ter-

215 2244 320 2278 ram,
359 2229 439 2269 erit
481 2228 669 2269 solutum
712 2235 755 2269 et
798 2229 839 2268 in
882 2229 1015 2269 coelis.

218 2288 302 2328 His
328 2287 460 2340 igitur
484 2286 625 2327 verbis
649 2286 843 2328 Christus
871 2287 1018 2327 cathe-

215 2347 340 2386 dram
359 2345 513 2385 summi
530 2344 756 2397 sacerdotij
779 2345 907 2385 Petro
922 2345 1016 2398 pol-

215 2403 358 2444 licitus
388 2409 629 2456 antequam
657 2409 892 2455 pateretur,
915 2417 1016 2443 ean-

214 2463 316 2502 dem
332 2461 513 2502 tradidit
530 2460 624 2513 post
643 2458 1018 2501 resurrectionem:

215 2533 314 2559 cum
352 2525 418 2559 ter
450 2518 524 2571 ips1
560 2518 681 2558 suum
713 2532 892 2571 gregem
922 2518 1017 2571 pas-

215 2576 403 2617 cendum
431 2576 772 2617 commendaret.
836 2577 905 2616 De
928 2591 1015 2630 quo

215 2635 268 2674 fic
292 2634 451 2687 scripsit
476 2634 677 2683 Ioannes,
696 2634 825 2674 Dixit
845 2635 1015 2676 Simoni

217 2693 346 2733 Petro
377 2691 506 2740 Iesus,
537 2691 692 2732 Simon
728 2692 838 2732 Iona
870 2692 1015 2745 diligis

216 2764 287 2790 me
309 2749 407 2804 plus
429 2749 521 2790 his?
555 2749 676 2790 Dicit
699 2750 748 2798 ei,
765 2750 914 2790 Etiam
937 2751 1014 2791 do-

285 2873 298 2894 1
324 2873 383 2907 die
402 2883 467 2906 .22.
489 2874 528 2906 z'n
549 2885 593 2906 m.

286 2920 299 2941 2
324 2920 502 2954 tradidita
525 2932 531 2953 :
551 2920 592 2953 A.

285 2967 298 2988 3
324 2974 359 3001 et
384 2978 474 3001 mm.
499 2967 534 3000 P.

886 140 1020 172 FEBR
1027 140 1220 173 UARJUS.

1088 218 1217 267 mine,
1232 223 1279 258 tu
1298 218 1386 267 scis,
1402 218 1504 271 quia
1526 232 1628 259 amo
1650 224 1705 260 te.
1768 218 1889 260 Dicit

1089 276 1139 325 ei,
1168 276 1297 317 Pasce
1330 290 1469 330 agnos
1501 290 1635 318 meos.
1698 277 1819 318 Dicit
1846 276 1884 317 ei

1089 334 1260 383 iterum,
1289 333 1443 376 Simon
1472 334 1583 375 Iona
1616 334 1762 388 diligis
1792 334 1887 375 me?

1089 391 1170 432 Ait
1205 391 1276 440 illi,
1310 392 1457 433 Etiam
1493 392 1683 442 domine,
1715 398 1763 433 tu
1797 392 1887 441 scis,

1087 450 1190 503 quia
1212 464 1313 490 amo
1335 456 1391 490 te.
1453 449 1573 490 Dicit
1596 451 1645 498 ei,
1667 450 1796 491 Pasce
1813 464 1889 503 ag-

1088 521 1168 548 nos
1183 521 1317 548 meos,
1371 508 1492 549 Dicit
1514 509 1552 548 ei
1570 509 1712 557 tertio,
1731 508 1886 549 Simon

1090 565 1200 606 Iona
1223 579 1345 606 amas
1369 566 1463 606 me?
1517 566 1809 607 Contristatus
1828 565 1888 606 est

1088 623 1252 672 Petrus,
1275 624 1378 676 quia
1399 624 1515 664 dixit
1541 625 1578 664 ei
1605 625 1736 664 tertio
1765 638 1887 664 amas

1089 695 1169 722 me.
1235 682 1293 722 Et
1335 682 1451 722 dixit
1502 682 1553 731 ei,
1597 682 1726 722 Pasce
1780 695 1886 722 oues

1088 753 1219 780 meas,
1274 740 1428 780 Petrus
1458 740 1591 793 igitur
1619 739 1714 793 post
1742 739 1886 780 ascen-

1087 797 1248 838 sionem
1286 797 1440 839 Christi
1475 798 1530 839 ad
1568 804 1752 851 patrem,
1786 811 1886 838 cum

1088 856 1289 905 Pontum,
1325 855 1576 905 Gallatiam,
1611 856 1887 909 Bithyniam:

1087 912 1151 953 et3
1214 914 1548 967 Cappadociam
1621 914 1888 967 peragrasset

1086 971 1219 1012 fidem
1250 971 1406 1013 Christi
1436 972 1716 1025 predicando,
1739 978 1782 1012 et
1805 972 1887 1012 ser-

1087 1043 1264 1069 monem
1311 1029 1531 1070 miraculis
1573 1029 1887 1079 confirmando,

1086 1086 1375 1128 Antiochiam
1403 1087 1594 1128 reuersus
1627 1088 1687 1128 est
1710 1101 1718 1128 :
1740 1088 1888 1141 ibique

1087 1145 1355 1194 cathedram,
1373 1145 1456 1185 hoc
1479 1145 1538 1185 est
1556 1145 1701 1186 sedem
1718 1145 1888 1198 aposto-

1087 1202 1229 1251 licam,
1280 1203 1391 1252 fixit,
1443 1204 1672 1256 tenuitque
1724 1203 1888 1257 septem

1088 1275 1239 1311 annos,
1262 1261 1403 1301 donec
1426 1261 1532 1301 iussu
1563 1262 1633 1302 dei
1658 1260 1721 1315 (vt
1746 1261 1888 1302 verbis

1087 1324 1185 1359 vtar
1207 1319 1405 1359 Marcelli
1432 1333 1560 1373 papae
1590 1326 1634 1360 et
1666 1319 1888 1373 martyris>

1089 1391 1186 1417 eam
1210 1377 1429 1418 transtulit
1457 1378 1662 1426 Romam,
1686 1378 1889 1418 immobi-

1090 1435 1266 1488 lemque
1288 1435 1449 1475 locauit
1475 1450 1482 1476 :
1506 1441 1552 1476 vt
1570 1435 1626 1476 ad
1645 1436 1889 1476 commodi-

1088 1499 1227 1534 tatem
1246 1493 1579 1534 christianorum
1602 1500 1645 1534 et
1668 1493 1889 1547 religionis

1089 1551 1508 1604 augmentumsedes
1523 1551 1677 1591 summi
1694 1551 1884 1592 sacerdo-

1088 1610 1134 1662 tij
1153 1609 1393 1650 etecclefiae
1408 1615 1542 1662 caput
1561 1609 1664 1650 esset
1687 1610 1729 1649 in
1745 1623 1796 1650 ea
1810 1623 1888 1662 po-

1087 1668 1291 1708 tisfimum
1321 1668 1437 1715 vrbe,
1459 1681 1558 1720 quae
1592 1668 1887 1721 principatum

1088 1725 1204 1766 orbis
1227 1725 1467 1766 obtinebat.

1143 1821 1187 1865 Ἡ
1235 1817 1296 1856 M
1294 1816 1438 1858 atlzz‘as
1487 1817 1690 1871 apostolus
1738 1817 1893 1870 duplex

1087 1876 1239 1916 mains
1300 1874 1352 1928 ⁴st
1368 1875 1517 1927 fuerit
1541 1889 1683 1915 annus
1708 1875 1887 1927 bissexti-

1086 1934 1141 1973 lis
1163 1933 1260 1973 vide
1281 1934 1475 1986 regulam
1493 1933 1736 1986 generalem
1748 1933 1888 1986 supra

1075 1992 1259 2045 postlam
1270 1991 1367 2045 pest
1382 1991 1676 2031 calendarium
1684 1990 1707 2032 ⁴.

1408 2065 1572 2107 Oratio.

1094 2141 1283 2223 DEus,
1327 2141 1401 2193 qui
1444 2140 1624 2181 beatum
1667 2140 1887 2181 Mathiam

1199 2198 1494 2252 apostolorum
1510 2205 1686 2239 tuorum
1702 2198 1887 2252 collegio

1087 2256 1264 2305 sociasti,
1279 2257 1422 2298 tribue
1438 2256 1685 2309 quaesumus
1706 2271 1713 2297 :
1731 2263 1777 2297 vt
1795 2257 1887 2297 eius

1086 2315 1408 2355 interuentione
1422 2320 1510 2355 tuae
1526 2315 1639 2354 circa
1654 2328 1734 2355 nos
1749 2315 1888 2367 pieta-

1085 2373 1140 2413 tis
1157 2372 1326 2426 semper
1346 2372 1507 2413 viscera
1522 2372 1779 2412 sentiamus:
1811 2386 1889 2425 per

1085 2431 1159 2472 &c

1331 2507 1475 2548 Leer‘o
1497 2506 1655 2548 tertia?

1202 2575 1364 2616 Athias
1389 2575 1444 2616 de
1470 2589 1654 2616 numero
1676 2575 1782 2616 lxx.
1805 2575 1887 2616 dis-

1233 2633 1476 2686 cipulorum
1520 2633 1707 2674 adscitus
1749 2633 1808 2674 est
1843 2634 1885 2673 in

1084 2691 1376 2745 apostolatum
1400 2691 1443 2730 in
1471 2691 1616 2731 locum
1643 2691 1765 2731 Iudae
1788 2705 1885 2744 pro-

1084 2749 1247 2790 ditoris.
1295 2749 1412 2796 Nam
1436 2748 1531 2802 post
1552 2748 1706 2790 Christi
1729 2750 1784 2789 ad
1808 2763 1883 2803 pa-

1163 2871 1219 2893 4-4
1244 2872 1341 2905 omit.
1364 2872 1406 2905 R.
1429 2872 1466 2905 P.
1487 2871 1530 2905 A.

1162 2919 1176 2939 5
1202 2919 1262 2953 die
1282 2929 1334 2961 24.
1355 2920 1396 2952 in
1415 2930 1460 2952 m.
