1981 3248
875 160 984 191 MAR
992 160 1112 193 TJUS.

144 242 274 290 libris,
319 240 518 281 adhibita
570 239 702 279 etiam
746 238 939 290 quadam

144 300 258 348 lima,
282 299 414 339 senex
436 296 700 349 complexus
723 295 792 336 est.
848 295 940 335 Ro-

144 370 261 396 mam
290 370 393 396 vero
422 354 650 395 accerfitus
680 353 735 394 ab
756 353 939 394 Vrbano

143 428 261 467 papa
302 413 454 467 spretis
501 411 803 465 dignitatibus,
840 424 939 463 quae

139 472 253 512 vltro
288 471 361 524 ipfi
394 470 419 511 a
449 469 656 523 pontifice
695 468 939 509 offereban-

141 536 223 578 tur,
239 529 345 569 nulli
362 529 420 568 rei
436 534 730 581 praeterquam
749 526 937 575 lectioni,

142 593 185 628 et
208 587 427 640 scriptioni
450 585 647 626 vacabat.
693 583 780 637 Qui
804 584 938 624 etiam

140 646 293 685 viuens
352 642 570 684 miraculis
629 642 793 690 claruit,
850 641 938 683 Sed

141 703 271 743 iussus
309 701 334 742 a
375 700 583 755 pontifice
626 700 838 753 Gregorio
881 714 935 740 .Χ.

143 761 413 813 Lugdunum
448 760 503 799 ad
539 757 785 806 concilium,
819 757 938 810 quod

141 818 198 858 ibi
234 818 485 870 cogebatur,
520 816 799 863 contendere,
832 816 937 855 dum

141 874 461 929 profeftionem
496 879 669 927 pararet
703 872 811 913 febri
846 886 940 912 cor-

142 940 290 986 reptus
329 933 384 973 ad
421 931 731 972 monasterium
767 930 939 970 Fossam

142 1005 303 1032 nouam
367 989 642 1043 appellatum
705 988 940 1041 emigrauit

141 1050 195 1090 ad
239 1048 469 1089 dominum
503 1061 620 1087 anno
659 1046 814 1087 Christi
848 1046 939 1085 nati

141 1108 214 1148 .M.
238 1121 296 1147 cc.
320 1106 481 1158 lxxiiij.
507 1105 634 1145 nonis
668 1103 830 1156 Martij,
855 1103 941 1143 suae

142 1179 244 1206 vero
341 1164 485 1204 aetatis
569 1161 940 1215 quinquagefimo.

143 1222 289 1276 Quem
307 1222 587 1275 postmodum
613 1220 802 1260 Ioannes
825 1232 943 1272 papa

139 1281 263 1332 xxij.
331 1277 578 1319 sanG'oerum
646 1277 936 1318 confessorum

147 1352 331 1378 numero
355 1336 625 1390 aggregauit.

145 1444 189 1489 11
209 1439 516 1494 Quadraginta
538 1439 697 1479 milites
719 1444 942 1489 martyres.

411 1497 555 1537 Lech'o
578 1495 674 1550 ‚z'z'j¹.

209 1567 301 1608 Pud
327 1567 537 1608 Sebasten
557 1566 784 1606 Armeniae
803 1565 943 1605 mino-

264 1626 320 1665 ris
356 1625 506 1665 vrbem
544 1630 745 1677 tempore
782 1622 939 1675 Licinij

144 1683 421 1737 imperatoris
471 1681 651 1735 praefide
702 1680 943 1734 Agricolao

143 1741 438 1795 quadraginta
500 1739 660 1780 milites
723 1738 942 1779 christiani

144 1798 454 1852 comprehensi,
510 1797 605 1850 post
664 1796 839 1837 vincula
899 1802 942 1836 et

143 1857 360 1897 cruciatus
377 1855 629 1896 custodibus
652 1854 876 1907 impositis,
898 1854 940 1893 in

144 1915 344 1968 stagnum
375 1914 480 1953 missl
512 1913 609 1953 sunt
632 1912 818 1952 instante
840 1912 941 1951 bru-

144 1986 228 2021 ma,
270 1978 315 2012 vt
363 1985 478 2024 aqua
521 1968 737 2010 no&urno
781 1970 941 2022 frigore

143 2029 456 2077 concrescente,
488 2026 718 2068 constriffita
750 2027 940 2080 ipsorum

144 2101 328 2140 corpora
350 2088 716 2139 dirumperentur,
743 2085 941 2137 apposlto

142 2152 291 2186 tamen
322 2144 494 2191 balneo,
516 2158 604 2196 quo
634 2148 805 2196 pateret
834 2141 940 2182 effu-

142 2204 278 2256 gium,
299 2202 327 2241 sl
350 2202 447 2254 quis
467 2214 618 2241 eorum
638 2200 663 2240 a
682 2200 941 2240 confessione

145 2260 300 2301 Christi
329 2258 578 2300 discesfisset.
642 2259 798 2310 Itaque
830 2270 941 2297 vnus

144 2318 316 2371 frigoris
334 2317 660 2357 vehementiam
679 2328 765 2355 non
785 2314 939 2363 ferens,

145 2381 306 2428 negato
330 2374 498 2415 Christo
528 2374 582 2413 ad
606 2373 813 2413 balneum
837 2385 938 2412 con-

143 2433 267 2486 fugit.
330 2432 418 2473 Sed
442 2445 541 2471 cum
571 2430 762 2483 primum
790 2429 939 2482 attigit

142 2491 333 2531 calorem
374 2489 606 2542 expirauit.
699 2488 801 2541 Quo
843 2501 939 2540 per-

144 2547 290 2601 spe&o
327 2547 472 2587 caeteri
509 2547 651 2599 gratia
685 2545 841 2587 Christi
875 2558 938 2584 re-

143 2607 276 2646 creati
316 2606 358 2644 in
395 2605 465 2644 dei
502 2604 654 2644 laudes
689 2608 934 2656 eruperunt.

145 2663 272 2705 Circa
290 2663 442 2702 horam
461 2660 583 2702 vero2
604 2662 779 2701 tertiam
797 2658 938 2700 noc‘tis

144 2720 409 2774 resplenduit
471 2719 591 2760 velut
662 2718 720 2758 sol
789 2718 937 2758 lumen

143 2779 276 2831 super,
321 2792 407 2826 eOS,
449 2783 492 2817 et
537 2777 698 2830 glacies
736 2775 939 2816 dissoluta

143 2836 213 2877 est.
285 2835 549 2877 Custodibus
594 2840 742 2874 autem
786 2833 938 2873 somno

286 2975 297 2996 ¹
324 2975 383 3009 die
401 2984 443 3018 ,9.
464 2975 504 3008 z'n
524 2985 567 3007 m.

871 2972 884 2992 2
909 2983 997 3006 vera
1020 2983 1026 3005 :
1046 2971 1088 3005 A.

1731 154 1810 194 119

1010 237 1204 291 grauatis
1221 237 1333 277 solus
1351 237 1558 277 custodiae
1576 235 1808 290 praefe&us

1008 295 1233 348 vigilabat,
1274 295 1348 348 qui
1391 295 1575 335 audiens
1620 300 1807 342 orantes,

1009 352 1278 405 miratusque
1330 352 1484 400 lucem,
1528 366 1578 392 ac
1620 351 1807 405 glaciem

1009 410 1243 451 resolutam
1270 426 1276 450 :
1299 411 1409 450 vidit
1439 410 1564 462 super
1585 423 1660 449 eos
1683 422 1805 449 coro-

1009 482 1088 508 nas
1103 468 1417 508 descendentes
1433 481 1615 507 numero
1627 467 1808 519 triginta

1010 539 1180 566 nouem.
1263 526 1389 565 Tunc
1440 539 1544 565 vero
1597 524 1807 564 miraculo

1009 590 1258 623 commotus
1306 581 1630 636 expergefa6³ds
1682 581 1806 634 socijs

1009 642 1192 694 proiecit
1252 641 1513 681 vestimenta
1570 641 1611 680 in
1675 639 1807 680 facies

1009 713 1173 748 eorum,
1216 705 1260 739 et
1302 698 1476 738 exiliuit
1518 699 1561 738 in
1604 697 1806 750 stagnum

1010 757 1201 797 clamore
1224 756 1264 796 se
1286 756 1568 796 christianum
1597 755 1680 796 esse
1709 769 1808 808 pro-

1010 815 1147 855 fessus.
1212 814 1325 855 Cum
1358 820 1506 854 autem
1530 813 1740 853 illuxisset
1764 819 1808 853 et

1010 870 1198 913 extra&i
1220 872 1309 912 fere
1330 885 1484 912 omnes
1503 871 1637 912 essent
1656 871 1808 911 exani-

1011 944 1102 970 mes
1133 930 1221 983 igni
1251 930 1401 970 traditi
1432 929 1540 977 sunt,
1563 943 1613 969 ac
1640 929 1806 969 cineres

1011 989 1053 1028 in
1087 987 1268 1028 fluuium
1303 985 1496 1041 proiesfti,
1528 993 1574 1027 vt
1606 1000 1684 1040 per
1714 1000 1808 1026 om-

1011 1060 1112 1086 nem
1145 1051 1391 1086 creaturam
1429 1058 1581 1085 eorum
1613 1044 1810 1084 transiret

1011 1109 1245 1150 certamen,
1268 1109 1314 1143 vt
1337 1117 1439 1143 vere
1468 1103 1625 1155 possmt
1653 1116 1808 1143 vocem

1011 1161 1131 1202 illam
1164 1162 1378 1214 vsurpare,
1401 1160 1700 1201 Tranfiuimus
1733 1173 1810 1213 per

1010 1220 1157 1272 ignem
1182 1225 1224 1259 et
1247 1232 1421 1272 aquam,
1444 1224 1487 1258 et
1517 1217 1705 1258 eduxisti
1730 1231 1809 1257 nos

1012 1278 1053 1317 in
1079 1277 1361 1330 refrigerium.
1420 1276 1525 1316 Pass1
1545 1276 1642 1316 sunt
1660 1282 1807 1316 autem

1011 1335 1195 1389 septimo
1218 1334 1316 1375 idus
1339 1334 1500 1387 Martij.

1333 1447 1494 1489 Oratio.

1018 1522 1243 1604 PRaesta
1261 1522 1509 1575 quaesumus
1527 1521 1809 1573 omnipotens

1126 1581 1247 1629 deus,
1269 1586 1316 1620 vt
1348 1580 1422 1633 qui
1455 1579 1665 1632 gloriosos
1698 1592 1810 1618 mar-

1012 1644 1131 1690 tyres
1174 1637 1307 1678 fortes
1347 1638 1390 1677 in
1434 1637 1507 1677 sua
1549 1636 1810 1677 confessione

1011 1697 1301 1748 cognouimus
1343 1711 1350 1736 :
1390 1695 1487 1747 pios
1524 1695 1644 1747 apud
1681 1700 1725 1734 te
1766 1694 1809 1734 in

1012 1753 1156 1794 nostra
1193 1754 1493 1794 intercessione
1530 1752 1765 1793 sentiamus
1804 1767 1811 1792 :

1012 1825 1099 1865 per.

1012 1912 1055 1956 {I
1094 1908 1328 1961 Gregorius
1353 1914 1470 1960 papa
1503 1907 1704 1959 confessor
1733 1906 1809 1947 da-

1144 1967 1246 2018 plex
1265 1965 1420 2006 minas.
1485 1964 1647 2006 Oratio.

1017 2042 1208 2123 DEus,
1246 2040 1319 2093 qui
1358 2040 1518 2079 animae
1555 2037 1707 2079 famuli
1744 2038 1808 2078 tui

1149 2097 1347 2151 Gregorij
1391 2104 1568 2137 aeternae
1620 2096 1810 2136 beatitu-

1010 2156 1124 2196 dinis
1142 2156 1324 2208 praemia
1342 2154 1559 2196 contulisti
1587 2167 1594 2193 :
1618 2154 1810 2194 concede

1010 2214 1227 2266 propitius
1266 2229 1273 2253 :
1318 2219 1364 2253 vt
1407 2213 1481 2265 qui
1524 2217 1808 2264 peccatorum

1011 2271 1253 2311 nostrorum
1292 2270 1488 2323 pondere
1525 2269 1766 2322 premimur
1802 2281 1810 2308 :

1009 2329 1101 2368 eius
1138 2328 1256 2381 apud
1295 2334 1340 2368 te
1374 2327 1578 2380 precibus
1614 2326 1810 2367 subleue-

1010 2400 1107 2426 mur
1134 2402 1141 2427 :
1164 2400 1251 2439 per.

1241 2464 1382 2505 Ζζεὲἳίο
1404 2462 1563 2505 rema?

1010 2539 1311 2623 GRegorius
1340 2539 1483 2591 patria
1513 2551 1720 2578 romanus
1747 2552 1804 2578 ex

1113 2598 1266 2637 ordine
1289 2596 1504 2636 senatorio
1528 2609 1690 2648 magno
1713 2609 1807 2636 om-

1009 2656 1130 2696 nium
1149 2654 1353 2695 consensu
1374 2654 1537 2693 inuitus
1556 2654 1690 2693 etiam
1707 2667 1806 2694 curn

1011 2712 1253 2753 monachus
1311 2711 1426 2761 esset,
1479 2717 1611 2764 atque
1673 2710 1809 2751 leuita

1010 2770 1214 2824 pontifex
1257 2775 1428 2810 creatur
1478 2783 1596 2809 anno
1638 2769 1806 2809 domini

1011 2829 1086 2870 .dc.
1111 2828 1204 2868 xix,
1268 2827 1355 2881 Qui
1378 2827 1432 2867 slC
1453 2827 1578 2874 vixit,
1601 2832 1647 2867 vt
1670 2825 1809 2866 claris—

1377 2968 1389 2989 3
1415 2968 1474 3003 die
1497 2978 1536 3002 12
1554 2969 1595 3002 in
1614 2980 1660 3003 m.
