1981 3248
523 160 776 193 DOMJNJCA
810 160 969 192 PRIMA
1003 159 1291 193 ADUEAVTUS.
1695 147 1744 189 25

138 236 226 290 Qui
248 236 489 278 condolens
515 238 693 278 interitu
719 237 877 277 Mortis

81 296 219 346 perire
234 295 442 336 seculum:
461 295 647 336 Saluasti
664 295 878 334 mundum

81 352 349 404 languidum,
388 353 575 393 Donans
613 353 695 393 reis
742 365 879 392 reme-

81 409 214 449 dium.

138 466 360 520 Vergente
397 468 550 508 mundi
583 467 770 520 vespere,
802 466 879 506 Vti

82 523 257 576 sponsus
280 525 335 565 de
352 525 561 574 thalamo,
583 525 786 578 Egressus
804 525 881 564 ho-

82 581 310 622 nestissima
350 583 530 636 virginis
570 583 721 623 matris
763 582 881 622 clau-

83 639 182 680 sula.

141 696 278 738 Cuius
333 697 434 738 sorti
490 697 703 751 potentiae
765 711 881 751 genu

83 761 320 795 curuantur
350 755 499 796 omnia
532 771 539 796 :
571 755 772 803 coelestia,
797 762 882 795 ter-

84 811 230 852 restria
251 819 360 853 nutu
383 813 577 853 fatentur
598 813 780 853 subdita.

142 870 207 910 Te
239 871 527 923 deprecamur
555 871 654 923 agie
686 871 882 911 Venture

85 927 220 967 iudex
254 928 382 968 seculi
418 942 426 968 :
461 928 682 969 Conserua
718 942 799 968 nos
838 929 880 967 in

85 991 285 1038 tempore
310 985 460 1026 Hostis
482 985 507 1026 a
529 986 618 1026 telo
641 985 806 1039 perfidi.

145 1043 276 1092 Laus,
296 1043 449 1092 honor,
467 1045 615 1092 virtus,
637 1044 777 1096 gloria
799 1044 883 1084 deo

86 1101 210 1152 patri,
233 1108 277 1141 et
303 1101 404 1152 filio,
429 1100 577 1142 san5to
606 1101 729 1141 simul
758 1115 885 1154 para-

86 1158 212 1208 cleto,
284 1159 328 1199 in
409 1159 649 1200 seculorum
730 1159 882 1199 secula.

85 1215 247 1257 Amen.

143 1290 388 1331 Praedfflus
418 1290 603 1343 scymnus
634 1290 797 1331 dicitnr
828 1290 891 1330 ad

87 1347 285 1399 vesperas,
307 1348 431 1401 vsqne
457 1349 518 1388 ad
542 1348 744 1401 vzgz’lz'am
773 1348 886 1388 nati—

88 1405 240 1445 uitatis
273 1406 441 1447 domini
471 1406 681 1459 exclufizte,
718 1405 888 1459 quando

88 1476 171 1502 non
191 1463 342 1516 agitur
360 1464 581 1516 desanfflo.
641 1464 747 1517 Post
768 1464 885 1515 leym-

88 1534 192 1560 mtm
209 1521 378 1574 semper
395 1521 600 1562 diczmtnr
625 1528 708 1562 tres
728 1521 891 1576 psalmi

90 1585 138 1617 vt
159 1578 203 1617 2'72
219 1579 434 1631 psalteria,
453 1579 607 1632 quibus
621 1579 772 1632 finitis
792 1593 886 1618 cum

87 1636 254 1677 cantico.
272 1637 541 1690 Magnificat.
556 1637 718 1678 dicitur
734 1636 779 1678 V.
796 1637 886 1677 Do·

91 1694 208 1734 mine
245 1695 408 1735 exaudi
445 1695 690 1735 orationem
728 1707 885 1734 meam.

88 1757 157 1792 etc.
194 1752 339 1792 omnia
372 1759 420 1792 vt
441 1752 581 1805 fitpra
615 1752 679 1792 ad
710 1753 886 1792 maxum·-

89 1822 193 1849 mcm
215 1809 296 1862 nist
325 1810 498 1862 vesperae
520 1810 705 1850 dicendae
717 1810 814 1862 stnt
837 1810 888 1849 de

88 1866 233 1918 alique
242 1867 350 1921 sesto
371 1868 531 1920 duplici
542 1867 759 1921 sequentis
778 1867 886 1908 diei.-

90 1931 190 1964 tmzc
216 1925 329 1965 enim
359 1925 553 1977 hymnus,
585 1932 627 1966 et
653 1925 791 1966 oratio
821 1925 886 1966 di-

88 1989 236 2022 centur
252 1983 302 2023 de
323 1983 407 2036 ipso
416 1983 536 2037 festo.

187 2098 231 2142 11
256 2096 336 2136 Ad
351 2096 674 2149 conspletorinm.
747 2097 791 2138 V.

91 2317 213 2350 tuam
238 2308 422 2350 anobis.
495 2309 540 2350 V.
591 2310 712 2349 Deus
741 2310 783 2349 in
815 2311 890 2350 ad-

92 2368 298 2407 iutorium
356 2380 502 2407 meum
554 2366 765 2409 intende¹.
822 2374 889 2407 ele.

36 2470 37 2474 Ἰ
91 2425 304 2477 lsymnns.

175 2511 212 2550 E
235 2510 342 2550 lucis
366 2516 468 2550 ante
486 2510 723 2550 terminum
748 2524 889 2550 rerum

201 2575 370 2608 creator
402 2568 618 2620 poscimus
653 2584 659 2608 :
694 2576 738 2607 vt
769 2568 892 2608 solita

93 2626 327 2665 clementia
343 2626 392 2664 slS
408 2625 626 2678 praesulad
638 2626 890 2666 custodiam.

154 2683 308 2723 Procul
360 2684 567 2723 recedant
618 2683 794 2728 somnia,
848 2691 891 2723 et

95 2740 290 2781 noenum
326 2740 633 2793 phantasmata
665 2756 672 2781 :
705 2741 891 2781 hostem-

166 2863 175 2883 ¹
203 2873 327 2896 meum
347 2862 496 2897 intende
520 2865 641 2897 zomz'l.
662 2866 703 2898 R.
734 2865 894 2899 Domine

96 2911 142 2944 {td
163 2917 230 2943 etc.
255 2922 260 2943 2
279 2910 364 2943 add.
390 2911 426 2943 l’.

165 2956 216 2977 ΓΖ
243 2957 344 2989 omit.
367 2958 407 2989 A.

949 251 1033 290 que
1066 237 1258 277 nostrum
1291 234 1543 289 comprime,
1570 246 1624 274 ne
1656 232 1750 285 pol-

950 296 1127 335 luantur
1148 307 1345 347 corpora.

1009 352 1167 392 Praesta
1203 356 1329 404 pater
1361 348 1642 401 omnipotens
1674 360 1751 399 per

950 410 1084 450 iesum
1121 409 1325 449 christum
1363 407 1593 447 dominum
1631 420 1639 445 ς
1676 405 1750 457 qui

951 474 1096 519 tecum
1120 467 1162 506 in
1185 472 1446 520 perpetuum
1470 468 1625 517 regnat
1650 476 1750 503 cum

952 523 1100 565 san&o
1122 524 1284 577 spiritu.
1346 522 1508 562 Amen.

1008 582 1174 623 Deinde
1200 588 1283 622 tres
1302 579 1468 633 psalmi
1493 584 1541 619 vt
1568 577 1612 618 2‘72
1634 577 1751 630 psal-

953 640 1067 689 teria,
1099 639 1252 693 quibus
1276 638 1427 691 finitis
1455 651 1549 677 cnm
1581 635 1750 675 cantico.

954 698 1084 738 Nunc
1099 697 1296 737 dimittis.
1316 695 1487 736 dicitur.
1504 693 1752 735 VDomine

953 754 1395 796 exaudi²orationem
1413 750 1590 792 meam2.
1618 750 1671 790 R.
1694 750 1753 790 Et

952 813 1119 853 clamor
1134 811 1278 852 3meus
1295 811 1352 851 ad
1370 817 1413 851 te
1430 807 1609 851 veniat³.
1644 808 1753 850 Ore-

954 884 1061 911 mus.
1127 869 1290 911 Oratio.

955 945 1146 1028 VIsita
1169 944 1416 997 quaesumus
1435 942 1613 983 domine
1631 941 1753 982 habi-

1072 1004 1287 1044 tationem
1320 1001 1443 1041 istam
1483 1016 1491 1041 :
1524 1006 1568 1040 et
1600 1013 1754 1039 omnes

954 1061 1127 1102 infidias
1159 1061 1323 1100 inimici
1355 1060 1411 1099 ab
1443 1072 1494 1099 ea
1526 1058 1656 1110 longe
1690 1071 1753 1097 re-

954 1119 1068 1172 pelle
1098 1134 1106 1159 :
1138 1118 1283 1171 angeli
1313 1117 1375 1158 tui
1398 1113 1531 1156 samffi
1553 1115 1755 1155 habitent

955 1178 998 1216 in
1016 1191 1068 1217 ea
1085 1192 1093 1217 2
1110 1177 1183 1229 qui
1200 1190 1279 1216 nos
1298 1176 1340 1215 in
1359 1188 1467 1227 pace
1483 1173 1729 1214 custodiant
1748 1188 1755 1213 :

955 1241 999 1274 et
1032 1231 1280 1274 benediffitio
1316 1239 1392 1273 tua
1428 1232 1478 1271 s1t
1514 1231 1640 1284 super
1675 1244 1756 1270 nos

955 1292 1131 1345 semper.
1180 1292 1261 1331 Per
1282 1290 1510 1331 dominum
1535 1285 1755 1328 nostrum4.

955 1350 1013 1391 R·
1063 1349 1223 1389 Amen.
1331 1347 1376 1388 V.
1435 1347 1754 1387 Benedicamus

955 1408 1148 1447 domino.
1216 1406 1271 1447 R.
1324 1406 1423 1446 Deo
1459 1405 1635 1458 gratias.
1708 1402 1753 1444 V.

959 1465 1176 1505 Fidelium
1208 1464 1368 1504 animae
1406 1476 1482 1515 per
1518 1461 1755 1502 misericor-

956 1523 1076 1563 diam
1118 1522 1188 1562 dei
1228 1520 1497 1574 requiescant
1543 1520 1587 1559 in
1634 1532 1753 1572 pace.

956 1581 1012 1620 R.
1056 1580 1221 1620 Amen.
1272 1578 1339 1619 Et
1353 1578 1419 1631 fic
1426 1577 1562 1632 finito
1582 1577 1752 1629 comple-

957 1637 1064 1679 [07'2'0
1084 1637 1254 1678 dicitur.

1032 1711 1151 1753 Alue
1201 1711 1353 1764 regina
1393 1709 1696 1750 misericordiae
1745 1724 1753 1749 z

1060 1770 1162 1818 vita,
1188 1769 1389 1818 dulcedo,
1419 1774 1463 1808 et
1488 1767 1583 1820 spes
1612 1766 1755 1806 nostra

956 1827 1082 1868 salue.
1144 1826 1221 1867 Ad
1253 1832 1297 1867 te
1328 1825 1571 1866 clamamus
1600 1824 1754 1864 exules

956 1886 1029 1938 filij
1053 1885 1173 1925 Euae.
1234 1884 1309 1924 Ad
1332 1889 1375 1924 te
1398 1883 1654 1935 suspiramus
1683 1896 1756 1934 ge-

959 1950 1142 1991 mentes
1167 1948 1210 1983 et
1233 1941 1389 1982 flentes
1411 1941 1454 1981 in
1476 1940 1558 1980 hac
1586 1939 1755 1992 lachry-

959 2014 1128 2041 marum
1164 1999 1287 2041 valle,
1352 2000 1451 2051 Eya
1482 2012 1586 2050 ergo
1619 1998 1756 2037 aduo-

959 2066 1057 2099 cata
1072 2057 1332 2106 nostra‚illos
1348 2063 1446 2096 tuos
1459 2056 1755 2095 misericordes

959 2116 1107 2156 oculos
1123 2117 1178 2155 ad
1194 2129 1273 2155 nos
1290 2120 1497 2155 conuerte
1518 2127 1526 2154 :
1546 2114 1604 2153 Et
1622 2112 1753 2152 iesum

959 2171 1239 2214 benedi6³mm
1274 2170 1462 2212 fruetum
1496 2171 1659 2211 ventris
1693 2170 1756 2210 tui

960 2232 1086 2271 nobis
1116 2230 1208 2283 post
1237 2230 1319 2270 hoc
1350 2229 1532 2269 exilium
1566 2228 1756 2275 ostende,

962 2289 1001 2329 O
1028 2289 1233 2335 clemens,
1255 2301 1280 2327 o
1310 2288 1394 2340 pia,
1417 2300 1443 2326 o
1472 2286 1611 2326 dulcis
1633 2286 1756 2337 virgo

962 2347 1114 2386 Maria.
1168 2345 1212 2386 V.
1247 2344 1336 2385 Ora
1359 2358 1438 2396 pro
1461 2343 1586 2383 nobis
1609 2341 1756 2382 sanfta

961 2405 1030 2444 dei
1062 2403 1267 2456 genitrix.
1329 2402 1383 2442 R.
1435 2402 1497 2441 Vt
1523 2401 1644 2453 digni
1668 2400 1757 2440 effi-

960 2463 1127 2502 ciamur
1148 2459 1497 2514 promissionibus
1519 2457 1672 2499 christi.

1412 2547 1573 2589 Oratio.

1056 2625 1311 2677 Mnipotcns
1346 2623 1604 2675 sempiterne
1638 2623 1758 2668 deus,

1083 2684 1156 2736 qui
1178 2681 1374 2735 gloriosse
1398 2681 1576 2733 virginis
1606 2681 1759 2719 Mai-ize

962 2755 1130 2794 corpus,
1164 2746 1207 2780 et
1244 2740 1451 2788 animam,
1489 2745 1535 2778 vt
1576 2738 1758 2791 dignum

1147 2550 1347 2591 Orcmus.

1035 2864 1047 2885 ³
1073 2864 1086 2884 ²³
1112 2865 1211 2897 omit.
1232 2864 1274 2896 Λ.

1039 2911 1044 2930 ⁸
1071 2916 1131 2944 cle.
1165 2915 1207 2944 vl
1232 2913 1271 2955 p.
1305 2920 1360 2953 23,
1390 2921 1424 2943 n.
1462 2919 1493 2953 4,
1531 2908 1613 2942 zmil.
1653 2910 1691 2941 R.
1725 2910 1758 2941 P.

965 2967 1030 2994 etc.
1059 2971 1063 2991 2
1091 2958 1172 2991 add.
1195 2958 1235 2990 Α.
