1981 3248
846 156 1007 189 IANUA
1013 155 1141 188 RJUS.

151 237 257 272 tano
294 232 508 286 episcopo,
540 233 609 273 cui
641 232 758 274 blesa
799 233 951 287 lingua

152 295 255 337 erat,
296 303 457 331 munus
504 289 749 331 iniunfflmm
791 291 951 344 praedi-

150 347 280 387 candi
309 347 589 401 euangelium
612 361 692 401 pro
715 348 807 401 ipso
831 348 950 388 sanc-

149 404 316 453 tisfime,
334 411 378 445 et
395 406 643 447 constanter
659 407 823 453 obibat,
847 405 949 459 Quo

150 462 329 514 cognito
341 463 562 504 Decianus
577 464 829 517 prouinciae
839 477 950 516 prae-

151 518 216 559 ses
257 520 300 560 in
342 521 642 573 persecutione
684 521 949 562 Diocletiani

150 582 194 617 et
235 577 503 618 Maximiani
545 579 643 632 capi
685 592 785 619 eum
827 579 949 619 iubet

152 633 491 688 Caesaraugustae
514 650 614 677 cum
632 636 882 685 Valeriano,
905 642 949 676 et

150 690 344 733 vinetum
368 693 423 733 ad
440 693 480 734 se
501 693 754 734 Valentiam
777 694 949 742 deduci,

148 749 221 790 vbi
273 757 454 803 propter
503 750 606 792 fidei
657 752 948 792 constantiam

149 807 402 848 verberibus
425 809 616 861 primum
634 809 765 862 Vsque
783 810 838 850 ad
861 815 949 849 tor-

149 870 295 905 torum
337 865 629 907 lassitudinem
672 867 807 907 caesus
840 867 900 907 est
939 880 948 907 :

150 922 311 963 deinde
337 923 381 963 in
407 924 594 977 equuleo
623 924 772 965 ferreis
793 924 949 977 vngui-

151 979 233 1021 bus
255 987 464 1022 exaratus
488 997 495 1022 :
518 982 735 1035 postremo
758 983 801 1022 in
823 982 950 1023 crati-

150 1037 248 1078 cula
289 1039 439 1091 prunis
476 1038 677 1080 subiectis
711 1039 949 1093 impositus,

151 1101 195 1136 et
209 1095 357 1137 ferreis
372 1095 620 1149 pestinibus
638 1096 725 1138 alte
740 1098 948 1151 impresfis

151 1153 501 1203 excarnificatus,
521 1153 640 1208 quae¹
664 1169 764 1196 cum
784 1154 950 1196 inui5to

95 1245 102 1253 .
152 1211 302 1251 animo
344 1213 584 1265 pertulisset
635 1212 678 1253 in
729 1226 947 1254 carcerem

150 1269 401 1318 retruditur,
433 1270 506 1310 vbi
539 1271 672 1323 paulo
703 1271 798 1324 post
831 1271 948 1324 spiri-

148 1332 244 1366 tum
276 1327 332 1366 ad
368 1328 563 1381 martyrij
597 1342 805 1369 coronam
838 1329 948 1369 acci-

149 1383 359 1436 piendam
411 1385 549 1426 emisit
611 1386 686 1439 .Χ].
740 1385 948 1427 calendas

153 1441 390 1495 Februarij.

208 1498 311 1552 Quo
360 1500 431 1540 die
473 1500 732 1554 martyrium
773 1515 949 1555 quoque

149 1556 398 1598 celebratur
418 1557 632 1611 Anastasij
652 1559 830 1599 natione
850 1560 950 1600 Per-

149 1613 203 1653 sae
244 1627 254 1655 t
294 1615 369 1668 qui
424 1616 632 1657 Heraclio
683 1617 948 1669 imperatore

147 1685 248 1712 cum
274 1672 599 1727 Ierosolymam‚
616 1680 660 1714 et
683 1673 778 1716 loca
801 1672 948 1715 san&a

146 1729 300 1771 visisset
334 1737 462 1772 extra
502 1731 725 1772 castellum
770 1732 948 1773 Bethsa-

149 1786 236 1827 lem
278 1802 377 1829 cum
421 1788 653 1842 sexaginta
694 1789 949 1839 christianis,

148 1845 222 1898 qui
254 1859 280 1886 a
313 1845 510 1887 Caesarea
547 1846 773 1887 Palestinae
808 1848 947 1900 ipsum

150 1902 322 1944 fuerant
341 1904 485 1952 secuti,
505 1904 611 1945 iussu
630 1905 743 1958 regis
759 1905 950 1947 Cosdroe

149 1959 231 2001 fuit
254 1960 558 2015 strangulatus.

474 2063 564 2104 Ora
569 2064 637 2105 tio.

149 2146 347 2228 ADesto
391 2147 572 2188 domine
625 2147 949 2201 supplicationi-

262 2204 342 2244 bus
366 2205 531 2254 nostris,
548 2210 594 2246 vt
612 2207 686 2259 qui
709 2220 767 2246 ex
790 2207 947 2260 iniqui-

150 2267 243 2301 tate
270 2262 413 2303 nostra
442 2276 537 2303 reos
565 2276 644 2303 nos
674 2264 757 2304 esse
786 2278 949 2317 cogno-

150 2318 306 2359 scimus
362 2335 371 2360 :
420 2320 650 2361 beatorum
702 2327 945 2374 martyrum

148 2382 325 2417 tuorum
367 2377 590 2430 Vincentij
636 2383 680 2419 et
730 2378 946 2433 Anastasij

150 2434 448 2475 intercessione
471 2434 706 2476 liberemur
728 2450 737 2476 :
767 2450 843 2490 per
869 2438 948 2478 do-

153 2492 333 2532 minum.

180 2606 223 2652 ΕΙ
255 2604 499 2645 Timotheus
518 2606 724 2659 episcopus
745 2613 920 2660 martyr.

384 2663 529 2704 LeHio
552 2663 711 2705 tertiat

152 2747 466 2829 TImotheus
491 2750 657 2802 Lystris
676 2750 842 2805 oppido
862 2751 951 2804 Ly-

283 2807 450 2847 caoniae
503 2814 633 2848 natus
684 2822 742 2849 ex
796 2810 949 2850 Iudaea

222 2906 232 2928 ¹
259 2907 321 2953 qui
345 2920 352 2943 :
373 2909 412 2943 Ρ.
429 2910 471 2943 Α.

219 2954 232 2975 ²
258 2955 317 2989 die
337 2964 389 2997 24.
411 2957 450 2989 t'n
471 2968 515 2991 m.

1743 157 1821 198 109

1020 237 1171 282 matre,
1191 238 1235 272 et
1256 238 1381 285 patre
1402 233 1555 286 gentili
1578 234 1821 275 christianae

1021 290 1244 342 religionis
1261 290 1403 330 cultor
1419 297 1524 339 erat,
1541 305 1640 331 cum
1660 292 1821 333 Paulus

1020 347 1064 386 in
1088 361 1140 387 ea
1162 346 1260 387 loca
1282 348 1495 400 peruenit.
1558 348 1646 401 Qui
1674 356 1821 390 motus

1019 404 1245 445 Timothei
1288 403 1532 454 sanfftitata
1573 412 1617 446 et
1653 407 1823 459 optima

1019 461 1151 510 fama,
1170 460 1280 515 qua⁸
1302 462 1419 503 idem
1439 463 1553 503 inter
1570 462 1822 505 christianos

1019 519 1133 559 illius
1148 518 1314 560 ‘erastus
1332 519 1821 571 celebrabatur⁴‚asciuit

1019 576 1159 630 ipsum
1203 577 1364 618 socium
1407 583 1451 618 et
1493 579 1701 619 comitem
1737 580 1821 620 sure

1019 634 1397 687 peregrinationis.
1475 635 1545 676 Ac
1588 649 1643 676 ne
1685 637 1822 677 offen-

1019 692 1239 741 derentur,
1268 693 1342 745 qui
1378 707 1435 733 ex
1470 693 1683 734 iudaismo
1720 708 1823 734 con-

1019 749 1124 790 uersi
1147 749 1320 791 fuerant
1342 750 1398 790 ad
1422 751 1651 799 Christum,
1670 752 1821 792 Timo-

1017 807 1261 861 theumque
1302 814 1519 849 nouerant
1561 808 1698 850 filium
1737 811 1820 850 esse

1018 865 1155 918 patris
1177 865 1365 918 gentilis,
1390 866 1529 918 ipsum
1553 866 1821 917 circumcidit,

1016 922 1136 975 quod
1159 922 1320 963 licebat
1342 924 1486 964 adhuc
1502 924 1701 965 nondum
1717 925 1819 966 satis

1017 980 1249 1033 euangelio
1272 981 1567 1034 promulgato.

1076 1037 1189 1079 Cum
1205 1044 1353 1079 autem
1370 1039 1660 1091 peruenissent
1671 1040 1819 1094 Ephe-

1017 1094 1121 1141 sum,
1145 1095 1310 1136 ibidem
1337 1096 1601 1137 Timotheus
1624 1097 1650 1138 a
1680 1098 1818 1139 Paulo

1017 1151 1195 1193 relictus
1213 1153 1283 1202 est,
1301 1159 1349 1195 vt
1367 1153 1590 1195 ecclefiam
1609 1153 1820 1205 doc'trina,

1018 1211 1317 1264 exemploque
1341 1211 1522 1253 iuuaret.
1574 1213 1664 1254 Vbi
1689 1214 1821 1254 Ioan-

1018 1282 1120 1308 nem
1143 1269 1458 1322 euangelistam
1485 1271 1655 1311 audiuit
1681 1284 1689 1312 ε
1712 1271 1819 1311 eius-

1018 1326 1211 1379 demque
1238 1326 1281 1366 in
1316 1327 1506 1368 Pathmo
1539 1328 1676 1369 insula
1710 1343 1820 1369 exu-

1018 1383 1149 1424 lantis
1171 1384 1314 1425 vicem
1344 1383 1611 1435 sanctissime,
1640 1400 1691 1427 ac
1718 1400 1820 1439 pru-

1018 1441 1263 1482 dentisslme
1285 1443 1418 1494 gessit.
1470 1442 1546 1483 Ad
1568 1443 1684 1484 hunc
1709 1445 1818 1484 Pau-

1018 1498 1085 1539 lus
1116 1504 1164 1539 vt
1205 1497 1416 1549 dofftrina,
1450 1514 1537 1554 qua
1573 1501 1817 1554 presentem

1018 1556 1273 1606 instituerat,
1288 1557 1511 1598 absentem
1526 1572 1702 1612 quoque
1717 1573 1820 1600 con-

1017 1613 1224 1663 firmaret,
1258 1614 1368 1655 duas
1410 1615 1613 1668 epistolas
1646 1617 1818 1670 scripslt,

1017 1671 1201 1712 alteram
1235 1670 1260 1712 a
1287 1672 1522 1722 Laodicea,
1543 1674 1730 1715 alteram
1760 1676 1817 1715 ab

1016 1728 1122 1770 vrbe
1166 1729 1322 1771 Roma.
1400 1730 1623 1772 Postremo
1666 1733 1818 1773 Timo-

1017 1786 1145 1827 theus
1177 1800 1277 1828 cum
1311 1787 1354 1828 in
1387 1788 1494 1829 sesto
1534 1788 1818 1830 celeberrimo

1020 1844 1180 1885 Dianae
1206 1845 1421 1898 populum
1450 1846 1506 1886 ab
1533 1847 1669 1900 impio
1692 1848 1817 1888 sacri-

1018 1901 1116 1942 ficio
1131 1909 1364 1943 conaretur
1376 1909 1584 1953 auertere,
1596 1905 1711 1959 lapid
1720 1906 1816 1946 ibus

1018 1960 1201 2001 obrutus
1243 1960 1303 2001 est
1345 1959 1371 2001 a
1421 1961 1591 2002 furente
1639 1963 1816 2016 populo,

1018 2017 1134 2058 vnde
1175 2032 1288 2071 pene
1330 2025 1529 2060 mortuus
1561 2019 1754 2061 sublatus
1791 2021 1816 2061 ὲ.

1018 2074 1271 2124 christianis,
1315 2082 1359 2116 et
1396 2077 1451 2117 ad
1487 2083 1685 2118 montem
1721 2080 1815 2120 vrbi

1016 2133 1209 2174 vicinum
1239 2132 1422 2174 edufftus
1454 2134 1650 2186 spiritum
1678 2137 1817 2177 emifit

1017 2203 1135 2231 nono
1158 2190 1365 2231 calendas
1391 2192 1627 2245 Februarij.
1647 2221 1651 2225 -

1017 2311 1061 2356 CI
1090 2307 1308 2360 Conuelsso
1329 2309 1469 2350 Pauli
1485 2310 1639 2362 duplex
1662 2312 1816 2355 mains.

1160 2366 1242 2406 Ad
1259 2366 1447 2420 vesperas
1467 2368 1679 2420 Hymnus.

1109 2466 1246 2510 Offtor
1277 2470 1452 2522 egregie
1495 2471 1629 2512 Paule
1671 2485 1814 2513 mores

1127 2525 1285 2566 instrue
1307 2541 1314 2567 :
1332 2528 1390 2567 Et
1406 2534 1553 2569 mente
1568 2529 1719 2582 polum
1735 2545 1814 2571 nos

1014 2583 1242 2624 transferre
1285 2584 1432 2637 satage
1469 2600 1478 2626 ε
1520 2587 1676 2628 Donec
1717 2602 1814 2640 per-

1018 2638 1179 2681 seffitum
1222 2639 1435 2694 largiatur
1475 2643 1658 2696 plenius,
1697 2645 1813 2686 Eua-

1018 2704 1149 2737 cuato
1171 2699 1290 2751 quod
1314 2713 1371 2740 ex
1394 2708 1518 2753 parte
1539 2703 1744 2754 gerimus.

1078 2756 1146 2796 Sit
1161 2757 1347 2798 trinitati
1367 2758 1627 2811 sempiterna
1644 2760 1783 2812 gloria
1806 2777 1814 2801 :

1022 2812 1191 2863 Honor,
1214 2815 1419 2867 potestaS,
1449 2823 1582 2871 atque
1615 2818 1813 2859 iubilatio

1096 2914 1108 2935 3
1133 2926 1245 2960 quam
1269 2929 1276 2952 :
1298 2918 1334 2951 P.

1094 2961 1106 2982 ⁴
1133 2963 1339 2998 celebratur
1362 2976 1368 2998 :
1391 2966 1426 2999 Ρ.
