1981 3248
557 144 727 175 INDEX
762 145 1065 177 TERTJARUM
1090 145 1400 178 LECTIONUM.
1737 145 1814 188 205

146 220 277 251 Marcus
300 225 332 251 et
356 219 588 250 Marcellianus
818 219 869 249 Ex
892 220 993 260 gestis
1018 220 1053 252 S.
1080 220 1267 252 Sebastiani
1290 221 1379 262 apud
1404 221 1546 253 Surium.

147 263 254 294 Maria
279 263 479 304 Magdalena

148 306 281 337 Martha

148 349 293 379 Martina
813 349 904 380 Ado.

147 392 310 423 Martinus
333 391 507 433 episcopus

146 435 309 466 Martinus
332 446 421 476 papa
814 435 954 466 Platina.

146 478 291 509 Mathias
812 479 888 509 Act.
913 479 1032 519 Apost.
1054 479 1077 510 i.
1103 479 1229 519 15—26
1253 484 1285 510 et
1309 481 1440 511 caeteri.

146 521 314 552 Mattheus
815 521 929 553 Codex
947 523 1180 563 Apocryphus,
1200 523 1370 554 Historiae
1387 524 1613 565 Apostolicae.

146 564 318 596 Mauritius

145 608 350 639 Melchiades
816 608 957 639 Platina.

146 651 315 682 Metranus
398 670 400 672 >
817 651 990 690 Eusebius,
1017 651 1075 682 lib.
1101 660 1152 683 VI.
1176 663 1249 693 cap.
1274 652 1361 683 xxxi.

145 694 290 725 Michael
314 694 530 734 archangelus
815 695 955 735 Dionys.
981 695 1150 737 Areopag.
1175 696 1228 727 De
1251 697 1383 727 coelest.
1410 696 1584 728 Hierarch.
1608 708 1681 739 cap.
1706 700 1749 730 vi.

145 797 311 828 Nativitas
336 797 471 828 Ioannis
495 797 664 838 Baptistae
814 798 895 829 Luc.
920 798 940 829 i.
966 807 1070 839 5ssz5
1096 804 1128 829 et
1154 799 1292 839 57—65.

145 840 312 871 Nativitas
336 841 464 872 Mariae
486 841 621 881 virginis
815 841 929 872 Codex
946 842 1178 883 Apocryphus,
1198 842 1351 874 Historia
1366 843 1408 875 de
1424 843 1458 874 N
1461 843 1539 875 ativ.
1558 844 1695 876 Mariae.

142 884 361 915 Nativitatem
376 884 524 923 Domini,
541 885 611 915 dies
624 890 715 915 sexta
727 889 802 926 post
819 884 934 915 Lectio
951 895 991 915 ex
1009 886 1104 917 Brev.
1126 886 1226 916 Rom.
1244 886 1321 918 Vet.

142 927 302 959 Nicolaus
816 928 1041 960 Mombritius.

145 1033 337 1075 Pamphilus
815 1035 1053 1075 Hieronymus,
1080 1045 1153 1076 cap.
1177 1035 1265 1066 lxxv.

144 1077 270 1108 Pascha
814 1078 929 1109 Lectio
954 1088 993 1108 ex
1018 1079 1114 1109 Brev.
1141 1079 1238 1110 Rom.
1268 1079 1345 1109 Vet.

144 1120 263 1151 Paulus
286 1119 411 1161 primus
435 1120 571 1151 eremita
812 1121 891 1152 Vita
914 1132 933 1151 a
958 1121 1080 1152 Sancto
1106 1122 1314 1162 Hieronymo
1338 1122 1569 1164 (Patrologia).

144 1164 268 1202 Petrus,
296 1163 497 1201 Dorotheus,
522 1169 585 1195 etc.
812 1164 986 1202 Eusebius,
1013 1165 1070 1195 lib.
1095 1173 1178 1196 VIII.
1207 1176 1278 1206 cap.
1304 1166 1348 1196 vi.

142 1207 256 1238 Petrus
280 1211 312 1238 et
336 1207 456 1238 Paulus
813 1208 928 1239 Codex
944 1208 1176 1249 Apocryphus,
1196 1208 1366 1240 Historiae
1383 1209 1606 1251 Apostolicae.

143 1250 256 1281 Petrus
281 1250 454 1291 episcopus

141 1293 272 1324 Phileas
296 1298 328 1324 et
352 1294 562 1325 Philoromus
813 1294 986 1332 Eusebius,
1012 1294 1070 1325 lib.
1096 1302 1177 1325 VIII.
1203 1305 1276 1335 cap.
1305 1305 1354 1326 10.

141 1337 316 1377 Philippus
340 1342 372 1368 et
397 1337 540 1368 Iacobus
813 1337 930 1368 Codex
946 1338 1179 1379 Apocryphus,
1199 1338 1370 1370 Historiae
1387 1339 1615 1380 Apostolicae.

142 1380 220 1410 Pius
243 1390 331 1421 papa
814 1381 953 1412 Platina.

142 1423 342 1464 Polycarpus
813 1424 1049 1464 Hieronymus,
1067 1435 1139 1466 cap.
1157 1424 1235 1455 xvii.
1252 1429 1285 1456 et
1302 1425 1476 1464 Eusebius,
1493 1426 1550 1457 lib.
1570 1435 1620 1457 IV.
1638 1437 1731 1468 capp.
1746 1427 1809 1459 xiv.

854 1472 886 1498 et
909 1478 962 1498 xv.

142 1509 325 1540 Pontianus
347 1520 435 1550 papa
812 1510 952 1541 Platina.

141 1553 339 1583 Potentiana
363 1553 599 1592 (Pudentiana)
812 1553 1034 1584 Mombritius.

141 1597 365 1627 Praesentatio
388 1596 523 1637 virginis
811 1597 927 1628 Codex
945 1597 1175 1639 Apocryphus,
1197 1597 1348 1629 Historia
1365 1598 1406 1630 de
1423 1599 1538 1631 Nativ.
1557 1599 1694 1631 Mariae.

142 1639 300 1670 Praxedis
812 1640 1035 1672 Mombritius.

141 1683 270 1713 Priscus
293 1687 354 1714 etc.
808 1684 896 1714 Ado.

140 1726 332 1757 Ptolomeus
355 1729 418 1757 etc.
811 1726 985 1763 Eusebius,
1009 1726 1067 1758 lib.
1095 1735 1144 1758 IV.
1169 1738 1244 1768 cap.
1268 1727 1346 1758 xvii.

139 1823 369 1864 Quadraginta
391 1823 512 1855 milites
809 1824 898 1855 Ado.

139 1921 334 1953 Saturninus
358 1926 390 1953 et
416 1921 579 1954 Sisinnius
811 1922 861 1953 Ex
886 1922 986 1963 gestis
1010 1923 1047 1953 P.
1073 1922 1224 1954 Marcelli
1248 1923 1338 1964 apud
1361 1923 1516 1962 Surium
1540 1924 1592 1955 vel
1616 1935 1655 1955 ex
1679 1924 1808 1956 Adone.

138 1965 298 2005 Seraphia
809 1966 898 1996 Ado.

139 2008 274 2039 Simeon
297 2007 472 2049 episcopus
810 2008 983 2045 Eusebius,
1009 2009 1066 2040 lib.
1093 2017 1148 2040 III.
1177 2020 1272 2050 capp.
1299 2021 1330 2040 x.
1355 2014 1387 2041 et
1411 2010 1498 2041 xxxi.

139 2051 254 2083 Simon
278 2056 310 2082 et
332 2051 432 2082 Iudas
809 2052 924 2083 Codex
942 2052 1174 2093 Apocryphus,
1197 2053 1367 2084 Historiae
1384 2053 1609 2095 Apostolicae.

138 2095 327 2136 Stephanus
349 2105 438 2135 papa
809 2095 950 2126 Platina.

138 2137 324 2178 Stephanus
348 2142 568 2178 protomartyr
808 2139 885 2169 Act.
910 2138 1029 2179 Apost.
1054 2138 1097 2169 vi.
1123 2142 1154 2169 et
1179 2138 1235 2169 vii.

138 2180 303 2221 Sylvester
327 2190 413 2221 papa
811 2181 951 2212 Platina.

138 2224 364 2265 Symphorosa
809 2225 897 2255 Ado.

136 2321 284 2352 Thomas
307 2321 475 2362 apostolus
806 2321 951 2361 Johann.
977 2333 1029 2352 xx.
1050 2323 1177 2361 24—28
1195 2327 1226 2353 et
1244 2323 1374 2353 caeteri.

136 2364 283 2395 Thomas
307 2363 445 2405 aquinas

136 2407 284 2438 Thomas
306 2407 574 2448 archiepiscopus

136 2450 383 2490 Thelesphorus
808 2450 948 2481 Platina.

135 2493 331 2524 Timotheus
807 2494 883 2524 Act.
909 2495 1028 2535 Apost.
1055 2494 1117 2525 xvi.
1151 2505 1231 2534 1—3
1257 2500 1289 2526 et
1315 2495 1445 2527 caeteri.

134 2536 306 2568 Trinitatis
329 2536 448 2568 festum
806 2537 946 2577 August.
965 2537 1021 2567 lib.
1039 2538 1080 2568 de
1096 2537 1270 2569 Trinitate.
1296 2539 1411 2570 Lectio
1427 2550 1466 2570 ex
1485 2540 1578 2571 Brev.
1599 2541 1697 2572 Rom.
1716 2542 1791 2572 Vet.

134 2633 329 2664 Valerianus
353 2639 385 2664 et
408 2633 578 2664 Tiburtius
602 2639 662 2665 etc.
806 2634 941 2682 Simeon
966 2634 1208 2675 Metaphrastes
1236 2634 1268 2666 in
1293 2636 1359 2667 vita
1384 2636 1418 2668 S.
1443 2637 1609 2669 Caeciliae
1632 2640 1720 2680 apud
1746 2641 1805 2670 Su-

134 2719 250 2750 Victor
272 2724 304 2750 et
328 2719 459 2751 Corona
803 2688 942 2752 Adgm·

134 2762 326 2793 Vincentius
350 2767 382 2793 et
406 2763 602 2794 Anastasius
803 2763 937 2794 Simeon
963 2763 1207 2804 Metaphrastes
1230 2766 1319 2806 apud
1344 2766 1486 2797 Surium.

135 2805 276 2836 Vincula
300 2805 332 2836 S.
364 2805 451 2836 Petri
807 2807 882 2837 Act.
909 2806 1029 2848 Apost.
1054 2806 1108 2837 xii.
1138 2817 1252 2839 1—11.

134 2848 279 2889 Virginis
297 2848 450 2879 Officium
468 2853 542 2890 post
558 2849 689 2881 advent.
706 2860 775 2890 usq.
804 2850 946 2889 August.
979 2860 1017 2880 ex
1048 2850 1157 2881 dubiis
1181 2851 1388 2882 sermonibus
1425 2860 1552 2883 CCVIII.
1586 2853 1619 2884 in
1644 2853 1725 2885 sesto
1756 2865 1804 2885 as-

176 2892 217 2922 ad
242 2891 365 2931 pascha
848 2893 1055 2933 sumptionis.

298 2945 317 2964 a
341 2934 463 2975 pascha
486 2934 528 2966 ad
553 2939 733 2977 pentecost.
803 2936 959 2967 Beruard.
977 2937 1076 2967 Dom.
1095 2936 1178 2967 infra
1195 2941 1259 2968 oct.
1275 2937 1349 2969 Ass.
1368 2939 1403 2969 B.
1416 2938 1457 2970 V.
1470 2939 1517 2969 M.
1558 2939 1673 2971 Sermo
1689 2941 1706 2978 ἓ
1727 2951 1751 2978 ι,
1775 2952 1802 2971 2.
