1981 3248
172 162 249 202 142

164 246 309 288 Maria
333 245 605 299 Magdalena
627 246 670 287 in
688 245 840 300 primis
860 244 970 286 cele-

163 304 326 353 bratur,
347 305 403 345 de
426 319 513 358 qua
535 311 684 346 tamen
716 318 805 344 non
833 317 971 356 parua

164 362 224 403 est
256 360 598 403 doctisfimorum
627 368 671 403 et
702 362 971 416 grauissimo-

163 434 260 461 rum
297 421 490 462 virorum
525 420 829 468 controuersia,
861 419 971 472 Qui-

163 478 346 519 busdam
399 492 467 519 res
510 479 679 532 aliquas
721 477 874 531 gestas,
915 477 972 517 de

164 536 324 588 quibus
347 536 407 577 est
430 537 472 577 in
496 536 740 589 euangelio,
758 536 813 576 ad
836 548 969 576 vnam

165 594 393 635 mulierem
466 594 767 644 referentibus,
839 592 970 644 Alijs,

164 666 350 704 quorum
393 652 453 693 est
496 651 766 705 probabilior
807 651 969 704 opinio,

164 711 220 750 ad
243 716 345 759 tres,
368 710 430 751 Vt
452 724 538 750 vna
568 710 616 750 fit
648 709 790 750 Maria
814 709 970 749 Lazari

166 773 210 808 et
234 768 424 808 Marthae
447 768 573 817 soror,
588 781 687 821 quae
709 768 845 808 biduo
868 773 971 807 ante

167 825 325 866 Christi
372 827 609 879 passionem
655 826 699 865 in
745 826 880 865 domo
923 825 972 864 si-

165 884 308 924 monis
345 884 498 938 leprosi
536 883 800 924 alabastrum
832 896 971 935 vngu-

165 942 254 982 enti
278 942 470 995 praeciosi
501 942 657 983 effudit
683 941 809 994 super
837 946 972 993 caput

165 1000 322 1041 Christi
345 1000 652 1048 recumbentis,
675 1006 719 1040 et
741 1012 840 1052 quae
863 999 970 1038 dum

165 1057 345 1099 Martha
383 1058 563 1098 sollicite
601 1071 776 1097 coenam
813 1056 971 1109 hospiti

164 1116 238 1156 suo
289 1116 594 1169 discipulisque
644 1120 832 1169 pararet,
881 1114 971 1167 ipsa

165 1174 383 1215 Christum
427 1175 598 1214 intento
637 1174 785 1213 animo
818 1172 970 1212 sedens

164 1232 220 1272 ad
248 1233 382 1286 pedes
410 1233 501 1272 eius
534 1231 753 1279 audiebat,
783 1230 969 1283 figuram

163 1303 319 1343 gerens
334 1291 436 1330 vitae
454 1288 863 1342 contemplantium.
887 1287 969 1327 Al-

162 1354 256 1388 tera
297 1349 353 1388 de
399 1362 487 1401 qua
530 1348 673 1387 Lucas
715 1346 769 1386 sic
811 1345 968 1385 scribit.

166 1406 281 1446 Ecce
314 1406 481 1455 mulier,
515 1419 614 1458 quae
655 1411 748 1445 erat
784 1404 827 1443 in
865 1404 969 1443 ciui-

164 1469 257 1504 tate
280 1465 518 1517 peccatrix,
541 1469 588 1503 vt
615 1463 825 1515 cognouit
848 1462 967 1514 quod

166 1522 285 1562 Iesus
310 1522 514 1562 accubuit
545 1522 588 1561 in
612 1522 746 1561 domo
769 1519 968 1574 pharisaei

163 1580 312 1621 attulit
353 1579 617 1620 alabastrum
659 1578 872 1631 vnguenti
925 1584 968 1617 et

164 1638 279 1678 stans
312 1645 426 1679 retro
456 1638 575 1678 secus
607 1637 744 1690 pedes
779 1637 881 1682 eius,
907 1635 967 1675 la-

164 1696 358 1749 chrymis
381 1697 516 1750 coepit
540 1696 679 1748 rigare
702 1695 837 1747 pedes
864 1694 967 1741 eius,

165 1761 207 1795 et
240 1754 408 1807 capillis
450 1754 606 1807 capitis
649 1753 708 1792 sui
753 1752 967 1805 tergebat,

164 1819 208 1853 et
260 1812 536 1852 osculabatur
587 1812 723 1864 pedes
775 1811 878 1859 eius,
923 1816 967 1849 et

164 1876 390 1923 vnguento
440 1869 646 1922 vngebat.
708 1868 859 1908 Tertia
911 1868 966 1907 de

165 1942 252 1981 qua
300 1942 482 1968 marcus.
547 1927 742 1978 Surgens
788 1925 965 1979 (inquit)

166 1986 284 2026 lesus
308 2000 437 2026 mane
466 1985 608 2038 prima
632 1984 799 2024 sabbati
832 1997 968 2036 appa-

164 2045 250 2084 ruit
292 2045 434 2098 primo
488 2043 641 2083 Mariae
685 2042 967 2095 Magdalenze

165 2103 220 2142 de
238 2116 326 2155 qua
347 2102 534 2142 eiecerat
551 2101 715 2154 septem
734 2100 966 2148 daemonia,

164 2160 238 2200 illa
258 2161 425 2201 vadens
448 2159 675 2200 nunciauit
692 2157 756 2210 ijs,
773 2158 847 2210 qui
867 2171 966 2197 cum

165 2232 217 2259 eo
249 2217 435 2267 fuerant,
466 2217 718 2270 lugentibus
751 2223 795 2256 et
826 2215 970 2255 flenti-

165 2277 258 2317 bus.
326 2276 518 2316 Addunt
570 2281 782 2328 praeterea
833 2273 968 2325 ijdem

166 2332 366 2374 auetores
412 2347 574 2374 nomen
617 2332 870 2386 peccatricis
912 2331 968 2372 ab

166 2392 433 2445 euangelista
488 2391 610 2431 fuisse
660 2404 718 2430 ex
760 2388 970 2430 industria

166 2449 511 2504 praetermissum,
533 2449 799 2501 reliquarum
822 2454 968 2488 vtran-

167 2522 252 2561 que
280 2508 468 2548 Mariam
502 2506 819 2559 Magdalenam
849 2505 969 2545 fuisse

167 2571 481 2618 nuncupatam,
503 2564 686 2604 alteram
715 2564 757 2603 in
784 2563 969 2603 Galilaea

169 2629 323 2671 ortam,
357 2623 541 2663 alteram
579 2623 622 2662 in
663 2622 826 2662 Iudaea.
886 2621 969 2662 Vt-

168 2694 339 2734 cunque
373 2680 434 2727 fit,
467 2680 679 2720 traditum
713 2679 772 2719 est
804 2693 829 2719 a
861 2679 968 2719 mai-

169 2738 317 2779 oribus
392 2738 580 2778 Mariam
652 2736 968 2790 Magdalenam

169 2796 325 2837 Lazari
349 2795 627 2848 Marthaeque
650 2795 836 2835 sororem
867 2808 967 2835 cum

238 2926 250 2946 1
277 2925 450 2970 migrauit
476 2937 482 2960 :
503 2927 540 2959 P.
560 2926 603 2960 A.

236 2973 250 2994 ²
276 2974 334 3007 die
354 2982 405 3017 25.
428 2973 466 3006 in
487 2984 532 3006 m.

922 168 1107 201 IULIUS.

1040 245 1138 299 ipfis
1161 252 1205 287 et
1224 246 1474 288 Maximino
1492 247 1672 301 alijsque
1688 246 1845 289 sanffls

1040 303 1295 345 hominibus
1328 305 1424 359 post
1467 306 1626 347 Christi
1668 306 1846 346 ascenfi-

1040 375 1182 412 onem,
1213 364 1316 403 naui
1349 364 1392 404 in
1425 377 1512 417 qua
1545 364 1631 404 fine
1662 364 1770 405 velis
1802 369 1846 404 et

1040 420 1172 460 remis
1195 420 1368 462 fuerant
1399 435 1425 462 a
1459 422 1637 470 Iudaeis,
1657 427 1706 463 vt
1737 435 1844 462 nau-

1041 477 1181 530 fragio
1241 480 1446 531 perirent,
1508 479 1707 533 impositi,
1761 493 1845 533 ope

1040 536 1193 577 diuina
1226 536 1457 577 Masfiliam
1489 538 1672 578 tandem
1705 537 1845 591 appli-

1040 594 1170 634 cuisse
1240 595 1518 648 eandemque
1577 596 1843 648 potissimum

1041 651 1372 692 Masfilienfibus
1404 659 1447 693 et
1478 653 1632 693 vicinis
1669 652 1845 706 populis

1040 710 1319 763 euangelium
1362 711 1626 763 praedicasse,
1668 717 1713 752 et
1753 711 1844 764 ple-

1041 767 1181 821 risque
1203 768 1259 808 ad
1283 768 1415 808 fidem
1441 768 1597 809 Christi
1627 768 1845 809 conuersis

1040 826 1083 866 in
1119 826 1351 879 praealtum
1387 833 1585 867 montem
1629 827 1842 876 secessisse,

1040 884 1188 937 ibique
1226 884 1461 924 solitariam
1498 886 1636 926 vitam
1679 884 1844 925 multos

1041 955 1181 982 annos
1229 942 1489 995 transegisse,
1532 943 1575 983 in
1626 942 1843 996 frequenti

1040 1005 1190 1040 tamen
1209 1000 1468 1053 angelorum
1485 1000 1800 1041 consuetudine
1818 1014 1844 1040 a

1040 1058 1199 1111 quibus
1218 1059 1303 1098 iam
1325 1058 1535 1099 moritura
1558 1058 1600 1098 in
1621 1058 1842 1098 ecclesiam

1039 1116 1155 1156 vrbis
1193 1115 1411 1169 Aquensis
1447 1117 1569 1157 cuius
1604 1122 1697 1156 erat
1735 1116 1844 1169 epis-

1040 1188 1178 1227 copus
1219 1173 1391 1214 san&us
1435 1174 1724 1223 Maximinus,
1768 1175 1842 1215 de-

1041 1238 1216 1285 portata
1235 1231 1364 1271 fuerit
1386 1231 1457 1271 vbi
1482 1238 1663 1285 accepta
1686 1232 1843 1272 eucha-

1041 1290 1155 1330 ristia
1195 1288 1469 1341 migrauerit¹
1512 1290 1568 1330 ad
1611 1290 1842 1330 dominum

1040 1347 1099 1399 xj.
1123 1347 1330 1388 calendas
1355 1346 1544 1400 Augusti
1572 1347 1721 1388 multis
1752 1348 1841 1388 edi-

1038 1406 1093 1446 tis
1126 1405 1358 1452 miraculiS,
1392 1419 1492 1459 quae
1524 1405 1707 1459 longum
1739 1405 1843 1447 esset

1039 1464 1270 1505 recensere.

1097 1556 1141 1601 (I
1175 1553 1352 1594 Iacobus
1381 1553 1605 1618 qustolas
1634 1553 1787 1607 duplex

1369 1626 1522 1652 mams.

1361 1680 1524 1722 Oratio.

1045 1756 1210 1838 ESto
1233 1756 1413 1796 domine
1435 1755 1552 1809 plebi
1576 1761 1665 1795 tuae
1685 1753 1841 1796 [3ῃὲἶί-

1156 1814 1310 1854 ficator
1340 1820 1383 1854 et
1415 1813 1555 1854 custos
1577 1819 1624 1853 vt
1656 1813 1839 1866 apostoli

1037 1871 1099 1912 tui
1144 1872 1294 1912 Iacobi
1344 1873 1515 1911 munita
1565 1871 1774 1924 praesldijs
1831 1886 1839 1912 :

1037 1936 1080 1970 et
1117 1929 1447 1970 conuersatione
1489 1929 1570 1969 tibi
1613 1929 1787 1982 placeat
1833 1942 1842 1969 ε

1036 1994 1080 2028 et
1104 1987 1249 2028 secura
1272 1993 1420 2028 mente
1442 1986 1657 2027 deseruiat
1679 2002 1686 2027 :
1709 2000 1798 2040 per.

1273 2085 1417 2126 LeHio
1449 2084 1576 2126 tertia
1584 2083 1608 2125 ².

1045 2155 1273 2238 IAcobus
1308 2154 1529 2209 apostolus
1564 2155 1756 2196 zebedaei
1793 2154 1841 2195 fi-

1121 2214 1215 2263 lius,
1258 2215 1438 2254 natione
1479 2213 1677 2266 galilaeus
1728 2213 1842 2253 inter

1038 2272 1205 2326 primos
1248 2271 1467 2325 apostolos
1503 2285 1528 2311 a
1563 2270 1733 2312 Christo
1764 2285 1839 2312 vo-

1039 2337 1162 2371 catus
1214 2329 1295 2370 fuit
1341 2343 1441 2369 cum
1487 2329 1655 2369 Ioanne
1697 2328 1840 2370 fratre.

1041 2388 1127 2441 Qui
1161 2386 1320 2428 reli&is
1355 2387 1519 2427 retibus
1556 2400 1564 2427 :
1600 2400 1698 2439 quae
1735 2393 1840 2427 tunc

1039 2447 1152 2486 sorte
1193 2444 1492 2494 deficiebantss,
1525 2450 1568 2484 et
1609 2450 1734 2497 patre
1772 2458 1840 2484 ze-

1037 2504 1180 2544 bedeo
1222 2503 1360 2555 ipsum
1398 2502 1532 2542 iesum
1569 2501 1700 2542 secuti
1733 2501 1840 2542 sunt.

1041 2563 1129 2602 Hic
1161 2561 1221 2601 est
1242 2574 1353 2600 vnus
1385 2574 1442 2600 ex
1473 2560 1612 2600 tribus
1634 2559 1841 2612 apostolis

1038 2618 1330 2666 dileetissimis,
1357 2631 1468 2670 quos
1492 2617 1685 2659 Christus
1711 2617 1840 2657 testes

1039 2678 1122 2718 esse
1151 2676 1291 2717 voluit
1318 2676 1403 2715 suae
1434 2674 1840 2727 transfigurationis.

1039 2736 1099 2775 Et
1131 2748 1241 2787 quos
1276 2733 1386 2774 solos
1421 2733 1538 2786 sequi
1573 2733 1613 2772 se
1649 2732 1841 2785 permisit

1038 2794 1220 2834 domum
1264 2791 1524 2844 ingressurus
1563 2791 1665 2830 Iairi
1702 2790 1839 2831 archi-

1111 2922 1124 2943 3
1150 2921 1366 2956 reficiebant
1390 2933 1396 2955 :
1417 2922 1460 2954 R.
1468 2921 1544 2965 sed
1562 2921 1663 2955 la‘Zio
1681 2920 1839 2964 Mysum.

1042 2970 1230 3004 reficiebat
1252 2981 1258 3003 :
1280 2970 1317 3002 P.
1368 2968 1582 3002 reficiebant
1607 2980 1612 3002 :
1631 2969 1674 3002 A.
