1981 3248
214 136 291 189 198

213 228 304 258 Deus
327 226 383 268 qui
405 237 465 258 nos
489 225 736 257 resurrectionis
753 225 939 257 dominicae
961 236 1015 256 an-

256 280 333 306 nua,
350 269 393 302 60

212 314 305 344 Deus
328 313 384 354 qui
409 312 688 354 omnipotentiam
713 317 804 343 tuam
834 313 1013 353 parcendo,

256 359 297 396 84

212 400 305 431 Deus
321 399 377 441 qui
393 410 453 441 per
468 399 726 437 immaculatam,
752 407 809 439 177

213 444 305 475 Deus
327 443 384 485 qui
406 444 532 485 populo
555 450 612 474 tuo
629 450 781 474 aeternae
805 442 920 474 salutis
941 442 1018 473 bea-

256 491 325 518 tum
343 487 570 523 Ambrosium,
593 495 627 524 17

213 530 305 561 Deus
341 531 399 572 qui
430 536 616 572 presentem
649 530 737 561 diem
774 529 1017 564 honorabilem,

260 584 317 614 135

212 617 304 648 Deus
329 617 386 658 qui
413 617 528 648 salutis
553 622 706 648 aeternae
733 616 851 647 beatae
879 616 1018 651 Mariae,

258 671 316 692 102

213 704 306 735 Deus
323 704 378 745 qui
396 708 543 735 sanctam
561 708 652 734 tuam
669 703 874 745 genitricem,
898 712 958 743 170

213 748 305 778 Deus
333 747 388 788 qui
414 747 613 778 solennitate
640 747 789 789 paschali
817 747 943 778 mundo
971 757 1017 777 re-

256 790 366 822 media
382 791 561 826 contulisti,
581 789 622 823 60

213 834 305 865 Deus
322 834 377 875 qui
395 834 588 875 virginalem
606 834 726 869 aulam,
750 845 806 874 ¹45

214 878 306 909 Deus
326 878 381 919 qui
405 879 594 909 universum
618 879 778 908 mundum
804 877 891 908 beati
912 877 1017 913 Pauli,

263 932 323 952 110

214 965 307 996 Deus
323 964 483 1006 refugium
501 969 649 995 nostrum
667 970 699 995 et
715 964 829 1000 virtus,
847 966 888 1006 98

214 1009 306 1039 Deus
318 1008 433 1039 veniae
448 1008 581 1049 largitor
595 1014 626 1039 et
638 1008 803 1039 humanae
816 1007 940 1044 salutis,
960 1007 1016 1047 167

214 1052 306 1082 Deus
322 1051 481 1082 virtutum
498 1051 588 1082 cuius
605 1057 653 1082 est
670 1057 787 1087 totum,
807 1053 848 1083 80

213 1095 437 1126 Devotionem
457 1095 571 1136 populi
595 1095 641 1126 tui
666 1105 863 1136 quaesumus
884 1094 1018 1125 domine

256 1138 427 1179 benignus,
448 1140 488 1178 48

214 1182 345 1223 Dirigat
363 1182 462 1213 corda
479 1186 591 1213 nostra
607 1192 815 1223 quaesumus,
835 1191 876 1224 93

213 1225 359 1256 Domine
397 1226 477 1257 deus
515 1225 725 1266 omnipotens
763 1225 819 1266 qui
855 1225 897 1255 ad
930 1224 1017 1265 prin-

256 1268 390 1310 cipium,
412 1278 452 1309 24

214 1312 398 1343 Ecclesiam
418 1318 506 1343 tuam
525 1312 658 1343 domine
674 1312 846 1352 benignus,
870 1313 927 1342 182

212 1356 395 1386 Ecclesiam
414 1360 503 1386 tuam
520 1356 655 1386 domine
671 1355 848 1391 miseratio,
866 1364 908 1395 90

214 1400 296 1430 Esto
312 1399 446 1430 domine
462 1399 551 1439 plebi
569 1404 643 1429 tuae
660 1398 889 1436 sanctificator,
915 1409 972 1436 142

214 1443 295 1474 Esto
312 1443 446 1473 domine
462 1442 624 1484 propitius
640 1442 729 1483 plebi
754 1447 828 1473 tuae
852 1447 883 1473 et
903 1452 1014 1483 quam,

257 1497 298 1529 49
337 1529 342 1534 .
458 1529 464 1534 .
919 1528 925 1533 .

214 1530 344 1560 Exaudi
375 1530 510 1560 domme
545 1539 657 1570 preces
694 1535 822 1560 nostras
854 1534 885 1560 et
917 1533 1015 1559 mter-

257 1574 393 1604 cedente
411 1574 509 1604 beato
528 1573 654 1611 Marco,
678 1572 733 1604 161

215 1617 345 1648 Exaudi
383 1617 518 1647 domine
547 1627 659 1657 preces
692 1621 820 1646 nostras
851 1621 881 1647 et
919 1615 1016 1646 inter-

256 1660 409 1691 veniente
425 1660 523 1691 beato
540 1660 699 1695 Damaso,
722 1660 780 1699 178

214 1704 344 1734 Exaudi
361 1714 421 1734 nos
443 1704 523 1734 deus
545 1703 695 1734 salutaris
712 1708 823 1734 noster
839 1708 869 1733 et
886 1706 1016 1743 aposto—

259 1748 375 1785 lorum,
399 1757 436 1787 23

214 1790 344 1821 Exaudi
369 1801 429 1821 nos
450 1790 530 1821 deus
555 1789 705 1821 salutaris
729 1794 840 1821 noster
863 1794 898 1820 ut
922 1789 1016 1824 sicut,

262 1836 320 1874 187

214 1877 345 1908 Exaudi
365 1888 425 1908 nos
448 1877 658 1918 omnipotens
678 1882 709 1907 et
732 1876 915 1907 misericors
938 1876 1018 1906 deus

258 1927 289 1952 et
306 1920 537 1958 continentiae,
560 1932 595 1961 51

215 1964 346 1995 Exaudi
395 1974 593 2005 quaesumus

258 2018 381 2049 preces,
403 2018 441 2047 45

215 2051 334 2082 Excita
357 2051 492 2081 domine
515 2050 613 2081 corda
636 2056 748 2081 nostra
772 2050 813 2081 ad
841 2060 1018 2091 preparan-

259 2095 328 2132 das,
349 2104 389 2134 27

217 2138 335 2169 Excita
357 2147 555 2178 quaesumus
576 2137 711 2167 domine
728 2136 912 2177 potentiam
929 2141 1019 2167 tuam

258 2186 289 2212 et
306 2182 381 2212 veni
397 2187 432 2211 ut
450 2182 491 2211 ab
508 2180 769 2217 imminentibus,
790 2191 827 2211 22

217 2225 336 2256 Excita
352 2235 548 2265 quaesumus
570 2224 705 2254 domine
726 2223 908 2265 potentiam
929 2228 1019 2254 tuam

259 2273 290 2299 et
307 2269 381 2299 veni
399 2273 431 2299 et
448 2278 578 2308 magna,
600 2278 638 2309 29

218 2312 394 2343 Familiam
425 2316 514 2342 tuam
547 2321 744 2352 quaesumus
782 2309 915 2341 domine
943 2320 1019 2341 con-

260 2356 351 2386 tinua
367 2355 490 2396 pietate
506 2354 635 2385 custodi
651 2359 685 2384 ut
702 2364 721 2384 a
738 2354 874 2389 cunctis,
892 2363 931 2395 97

218 2399 394 2430 Familiam
425 2404 515 2428 tuam
543 2408 740 2439 quaesumus
772 2397 905 2428 domine
943 2407 1019 2427 con-

260 2442 352 2473 tinua
376 2441 498 2483 pietate
530 2441 676 2472 custodi:
709 2446 743 2471 ut
775 2451 859 2482 quae
886 2440 919 2470 in
951 2441 1021 2471 sola

261 2496 329 2526 spe,
351 2496 389 2526 35

218 2528 366 2560 Famulis
399 2527 461 2559 tuis
489 2538 686 2568 quaesumus
717 2527 851 2558 domine
876 2526 1017 2564 celestis,

265 2583 323 2612 153

218 2616 432 2646 Famulorum
449 2619 579 2645 tuorum
597 2624 794 2655 quaesumus
811 2613 945 2644 domine
965 2613 1020 2644 de-

261 2659 356 2695 lictis,
381 2667 440 2697 149

218 2702 384 2733 Fidelium
401 2701 481 2731 deus
497 2700 645 2731 omnium
659 2700 820 2737 conditor,
842 2698 882 2740 46

285 2768 304 2781 „
338 2745 371 2775 in
387 2755 559 2775 commem.
578 2744 725 2774 omnium
743 2744 936 2780 animarum,
961 2742 1020 2782 167

220 2788 350 2819 Ieiunia
368 2792 479 2818 nostra
500 2797 697 2828 quaesumus
720 2787 855 2818 domine
876 2786 1021 2827 benigno

262 2832 374 2862 favore
390 2841 597 2872 prosequere,
619 2841 657 2870 52

219 2875 381 2906 Inchoata
411 2873 531 2905 ieiunia
569 2883 766 2915 quaesumus
801 2873 935 2904 domine
965 2873 1020 2904 be-

261 2929 294 2949 n1
320 2928 373 2953 no,
416 2926 432 2955 7

220 2929 466 3002 Indffigent‘iam
483 2959 579 2991 nobis
596 2970 803 3001 quaesumus,
827 2962 884 3000 187

646 1963 781 1994 domine
832 1962 1017 2004 supplicum

786 149 957 180 INDEX
990 150 1083 181 le'A
1095 149 1301 181 TJONUM.

1087 225 1294 256 Ineffabilem
1334 225 1430 256 nobis
1466 225 1600 256 domine
1632 225 1888 257 misericordiam

1130 274 1230 306 tuam,
1252 279 1291 309 45

1088 312 1320 343 Infirmitatem
1353 317 1497 343 nostram
1524 313 1650 353 respice
1680 311 1891 353 omnipotens

1132 355 1397 387 deus...Fabiani
1414 361 1445 386 et
1464 355 1660 391 Sebastiam,
1683 364 1740 396 107

1090 398 1322 430 Infirmitatem
1353 404 1499 430 nostram
1529 398 1655 440 respice
1680 399 1892 439 omnipotens

1132 443 1303 473 deus,..N.
1321 443 1484 483 martyris,
1509 444 1565 482 185

1091 486 1287 517 Intercessio
1321 497 1380 517 nos
1411 496 1609 527 quaesumus
1639 484 1773 516 domine
1803 484 1894 515 beati

1134 530 1178 560 N.
1196 529 1336 560 abbatis.
1355 529 1414 561 186
1764 547 1767 549 >

1091 572 1293 604 Interveniat
1321 583 1381 613 pro
1406 572 1503 603 nobis
1534 582 1732 613 quaesumus
1759 571 1894 602 domine

1133 622 1264 647 sanctus
1279 620 1353 647 tuus
1371 616 1488 649 Lucas,
1511 615 1569 656 163

1090 659 1226 700 Largire
1248 660 1344 690 nobis
1371 669 1569 700 quaesumus
1600 658 1734 690 domine
1765 668 1894 699 semper

1132 703 1282 744 spiritum
1300 703 1477 744 cogitandi,
1496 704 1535 734 82

1090 747 1226 787 Largire
1253 756 1450 787 quaesumus
1481 745 1615 776 domine
1639 744 1791 776 fidelibus
1817 744 1892 780 tuis,

1133 789 1174 830 96

1089 833 1298 864 Maiestatem
1326 838 1415 863 tuam
1440 832 1573 863 domine
1600 831 1792 873 suppliciter
1819 841 1893 862 exo-

1131 887 1249 915 ramus,
1275 885 1334 916 174

1090 921 1220 951 Mentes
1251 927 1379 951 nostras
1407 929 1605 960 quaesumus
1636 918 1771 949 domine
1801 928 1895 959 para-

1133 964 1245 1001 cletus,
1267 972 1306 1003 70

1090 1007 1260 1038 Mentibus
1290 1006 1410 1037 nostris
1441 1015 1638 1047 quaesumus
1669 1005 1803 1036 domine
1829 1004 1894 1045 spi-

1132 1050 1231 1080 ritum
1248 1055 1398 1081 sanctum
1414 1050 1576 1090 benignus
1593 1048 1739 1087 infunde,
1761 1057 1796 1089 71

1091 1094 1214 1124 Nostra
1249 1093 1309 1124 tibi
1346 1093 1481 1124 domine
1515 1102 1713 1134 quaesumus
1747 1092 1811 1122 sint
1842 1101 1894 1122 ac-

1133 1142 1229 1178 cepta
1245 1137 1377 1174 ieiunia,
1399 1147 1436 1177 55

1091 1180 1216 1211 Omnes
1233 1181 1336 1211 sancti
1354 1180 1401 1211 tui
1418 1189 1627 1220 quaesumus,
1648 1189 1685 1219 23

1091 1224 1314 1264 Omnipotens
1365 1223 1618 1254 clementissime
1671 1222 1751 1253 deus

1133 1267 1229 1302 filius,
1252 1278 1311 1307 144

1091 1310 1312 1351 Omnipotens
1344 1314 1376 1341 et
1407 1310 1592 1341 misericors
1624 1309 1704 1340 deus
1732 1308 1773 1339 de
1804 1308 1895 1339 cuius

1133 1364 1267 1384 munere
1284 1353 1384 1391 venit,
1405 1355 1443 1393 87

1091 1397 1313 1438 Omnipotens
1344 1402 1376 1428 et
1406 1396 1590 1427 misericors
1628 1396 1708 1427 deus
1744 1395 1895 1426 universa

1134 1441 1240 1476 nobis,
1259 1450 1298 1482 95

1092 1484 1314 1525 Omnipotens
1356 1483 1554 1524 sempiterne
1593 1483 1673 1513 deus
1711 1483 1754 1513 da
1798 1482 1895 1513 nobis

1135 1528 1211 1558 fidei
1228 1528 1298 1568 spei
1315 1532 1346 1558 et
1362 1527 1542 1564 charitatis,
1564 1528 1603 1557 88

1091 1572 1311 1612 Omnipotens
1335 1571 1534 1611 sempiterne
1558 1570 1638 1601 deus
1663 1569 1705 1600 da
1728 1568 1824 1600 nobis
1849 1569 1895 1600 ita

1134 1614 1331 1645 Dominicae
1348 1614 1520 1655 passionis,
1540 1612 1580 1654 56

1091 1658 1311 1699 Omnipotens
1335 1657 1534 1698 sempiterne
1565 1657 1645 1687 deus
1670 1655 1773 1697 dirige
1804 1660 1896 1687 actus

1132 1708 1272 1738 nostros,
1294 1710 1332 1741 37

1091 1745 1311 1786 Omnipotens
1338 1743 1536 1785 sempiterne
1560 1744 1640 1774 deus
1668 1742 1893 1773 infirmitatem

1132 1795 1289 1825 nostram,
1312 1799 1349 1828 33

1089 1831 1311 1872 Omnipotens
1347 1830 1544 1871 sempiterne
1578 1830 1658 1861 deus
1689 1829 1894 1860 maiestatem

1132 1881 1222 1906 tuam
1241 1874 1416 1916 supplices,
1439 1884 1497 1914 113

1090 1918 1312 1959 Omnipotens
1340 1917 1538 1958 sempiterne
1562 1917 1642 1947 deus
1668 1916 1821 1947 miserere
1849 1915 1894 1946 fa-

1132 1962 1213 1992 muli
1230 1967 1304 1992 tuae
1321 1971 1436 2002 papae,
1459 1959 1499 2000 46

1090 2005 1311 2046 Omnipotens
1344 2004 1543 2044 sempiterne
1578 2003 1658 2034 deus
1695 2003 1751 2043 qui
1790 2002 1893 2033 abun-

1132 2048 1245 2079 dantia
1261 2047 1394 2089 pietatis
1411 2054 1485 2078 tuae
1502 2052 1533 2078 et
1550 2046 1678 2082 merita,
1696 2047 1736 2086 85

1090 2092 1311 2133 Omnipotens
1334 2091 1534 2132 sempiterne
1556 2090 1636 2121 deus
1660 2090 1715 2131 qui
1741 2089 1895 2120 coelestia

1134 2135 1242 2173 simul,
1264 2145 1303 2176 3²

1090 2179 1311 2219 Omnipotens
1341 2177 1540 2218 sempiterne
1574 2177 1654 2208 deus
1685 2176 1741 2217 qui
1775 2175 1897 2206 dedisti

1132 2222 1262 2253 famulis
1279 2222 1352 2257 tuis,
1373 2230 1407 2261 71

1090 2265 1311 2306 Omnipotens
1334 2264 1533 2305 sempiterne
1555 2264 1635 2294 deus
1659 2262 1715 2304 qui
1735 2273 1773 2293 ex
1790 2262 1893 2293 abun-

1132 2309 1246 2340 dantia
1262 2308 1441 2345 charitatis,
1466 2318 1524 2349 139

1089 2353 1311 2393 Omnipotens
1329 2351 1528 2392 sempiterne
1547 2350 1627 2381 deus
1651 2349 1706 2390 qui
1729 2348 1894 2390 gloriosae

1131 2395 1267 2436 virginis
1284 2395 1421 2432 Mariae,
1443 2404 1481 2433 25

1089 2439 1311 2480 Omnipotens
1327 2438 1525 2479 sempiterne
1543 2437 1622 2468 deus
1639 2436 1695 2477 qui
1716 2435 1812 2466 huius
1828 2435 1894 2466 diei

1132 2482 1364 2519 venerandam,
1388 2491 1448 2521 150

1090 2526 1313 2566 Omnipotens
1338 2524 1536 2565 sempiterne
1564 2523 1643 2553 deus
1669 2522 1723 2564 qui
1748 2522 1894 2553 humano

1131 2569 1243 2610 generi
1260 2569 1302 2599 ad
1319 2568 1516 2598 imitandum
1533 2566 1738 2601 humilitatis,
1758 2565 1797 2605 56

1090 2613 1311 2653 Omnipotens
1337 2611 1537 2651 sempiterne
1568 2610 1648 2640 deus
1677 2609 1733 2650 qui
1764 2608 1895 2639 infirma

1131 2655 1246 2686 mundi
1264 2654 1366 2695 eligis,
1391 2655 1448 2685 108

1090 2699 1311 2739 Omnipotens
1335 2697 1533 2738 sempiterne
1557 2696 1636 2727 deus
1660 2695 1716 2736 qui
1740 2705 1800 2726 nos
1824 2705 1894 2725 om-

1131 2742 1222 2772 nium
1239 2746 1436 2778 sanctorum,
1461 2739 1520 2772 166

1090 2785 1312 2826 Omnipotens
1337 2783 1535 2824 sempiterne
1560 2782 1641 2813 deus
1660 2781 1715 2823 qui
1739 2780 1894 2822 paschale

1131 2832 1371 2859 sacramentum
1389 2828 1422 2857 in
1440 2825 1725 2862 reconciliationis,
1747 2823 1784 2855 61

1090 2872 1310 2912 Omnipotens
1334 2870 1532 2911 sempiterne
1556 2870 1635 2900 deus
1663 2868 1719 2909 qui
1743 2867 1892 2898 vivorum

1133 2914 1312 2946 dominaris
1325 2913 1433 2949 simul,
1451 2912 1491 2953 46

1092 2959 1228 2990 Pateant
1245 2968 1338 2989 aures
1356 2956 1597 2988 misericordiae
1615 2960 1700 2989 tuae,
1720 2956 1758 2994 83

1803 1221 1896 1253 cuius
