1981 3248
808 148 1103 181 DECEMBER.

119 227 394 268 christianam
426 227 521 276 esse,
547 241 597 266 ac
631 226 919 279 superstitioni

118 285 377 325 seruientem
419 285 537 324 bona
579 284 651 324 sua
694 284 917 336 dissipasse.

120 342 367 383 Paschasius
397 348 545 382 autem
572 355 672 381 cum
703 341 823 381 nulla
852 356 917 381 ra-

118 401 238 441 tione
256 400 460 453 potuisset
477 413 574 440 eam
593 398 618 439 a
635 413 737 439 vera
751 399 916 451 pietate

117 459 172 498 ad
220 457 439 498 idolorum
484 457 664 505 cultum,
704 462 912 504 auertere,

118 515 267 555 multis
285 521 328 555 et
344 515 515 568 magnis
533 514 764 555 tormentis
782 514 916 554 cruci-

115 579 246 622 atam,
270 573 391 613 iubet
422 578 576 625 guttur
602 572 751 624 gladio
780 571 915 612 trans-

116 630 202 683 figi.
265 630 353 671 Sed
395 630 478 670 hoc
513 629 691 670 vulnere
732 635 915 682 accepto

114 689 237 740 virgo
259 701 346 728 non
370 693 472 728 ante
494 687 634 728 amifit
649 700 814 736 vocem,
834 700 915 727 nec

116 745 313 798 spiritum
355 745 503 792 emisit,
536 759 670 798 quam
703 744 915 785 diuinitus

117 803 264 856 aliqua
278 803 424 844 futura
439 803 707 856 praediceret,
725 808 768 842 et
786 802 829 841 in
847 802 914 842 his

115 860 302 901 ecclefiae
332 860 696 914 tranquillitatem
720 859 911 900 suturam

115 918 210 971 post
252 918 518 959 Maximiani
561 924 604 958 et
648 917 913 958 Diocletiani

114 982 317 1029 tempora
345 976 389 1015 in
417 975 576 1029 quibus
598 975 716 1029 passa
738 975 798 1015 est
819 989 911 1015 .XX.

115 1033 321 1074 calendas
355 1032 561 1085 Ianuarij.
623 1033 729 1073 Eius
764 1038 913 1073 autem

114 1105 273 1144 corpus
297 1091 502 1133 Siracufis
526 1091 753 1131 conditum
777 1090 847 1139 est,
871 1096 914 1130 et

115 1148 249 1202 longo
290 1148 385 1202 post
426 1154 627 1202 tempore
665 1147 913 1190 Constanti-

114 1206 312 1260 nopolim
373 1206 650 1256 translatum,
709 1211 752 1246 et
812 1205 914 1246 hinc

116 1264 335 1318 postremo
356 1264 580 1306 Venetias.

114 1429 157 1474 Π
181 1423 221 1463 T
217 1422 367 1464 laamas
379 1422 583 1476 apostolus
595 1422 748 1475 duplex
760 1421 911 1462 maim.

435 1512 525 1553 Ora
529 1512 596 1552 tio.

121 1602 251 1684 DA
293 1603 419 1642 nobis
452 1602 700 1655 quaesumus
734 1601 914 1641 domine

235 1661 352 1700 beati
395 1660 578 1713 apostoli
620 1660 683 1699 tui
727 1659 912 1698 Thomae

114 1717 447 1758 solennitatibus
482 1717 657 1770 gloriari
696 1733 703 1757 :
738 1723 784 1757 vt
821 1717 912 1756 eius

115 1775 283 1828 semper
296 1782 339 1815 et
354 1774 610 1828 patrocinijs
628 1774 914 1821 subleuemur,

115 1839 159 1873 et
181 1833 312 1873 fidem
343 1846 537 1886 congrua
559 1833 798 1873 deuotione
829 1831 914 1871 sec-

115 1897 259 1931 temur
284 1905 291 1930 :
314 1904 400 1943 per.

385 2027 528 2067 Lea-”3222
550 2025 644 2079 jis.

117 2102 373 2184 THomas
415 2103 488 2155 qui
524 2108 566 2142 et
599 2101 806 2153 didymus
838 2115 913 2153 ap-

225 2160 414 2213 pellatur
429 2160 606 2199 natione
619 2158 818 2212 galilaeus
836 2158 915 2198 suit

117 2218 172 2258 de
208 2231 390 2257 numero
426 2218 660 2258 duodecim
699 2215 915 2268 apostolo-

118 2289 225 2315 rum.
289 2276 406 2315 Huic
436 2274 653 2316 Christum
685 2272 709 2313 a
732 2273 915 2313 mortuis

118 2332 342 2373 surrexisse
373 2332 606 2380 dubitanti,
636 2345 715 2371 nec
747 2331 915 2370 caeteris

117 2390 322 2443 apostolis
346 2390 504 2442 quibus
527 2389 616 2442 ipso
640 2388 817 2428 absente
839 2402 914 2440 ap-

118 2454 333 2500 paruerat,
365 2461 465 2487 eum
508 2446 731 2487 surrexisse
763 2445 915 2485 confir-

120 2506 353 2554 mantibus,
376 2505 581 2553 credenffi,
606 2503 798 2545 Christus
828 2502 915 2555 ipse

118 2561 397 2603 traffta11dum
423 2562 462 2602 se
484 2562 683 2615 praebuit.
748 2560 914 2613 Ingres-

120 2619 185 2660 sus
234 2621 349 2660 enirn
405 2620 568 2659 foribus
618 2619 767 2659 clausis
817 2618 916 2658 huic

121 2677 304 2729 professo
338 2677 377 2717 se
412 2691 497 2717 non
530 2677 809 2723 crediturum,
842 2675 914 2714 nisi

188 2833 198 2852 ¹
227 2833 285 2867 dic
306 2843 370 2867 .21.
393 2835 430 2866 in
451 2845 495 2866 m.

189 2879 201 2899 ²
227 2891 404 2913 manuum
425 2893 431 2913 z
451 2881 491 2912 Λ.

190 2926 203 2945 ³²
229 2927 426 2960 tumultum
449 2939 454 2959 ;
479 2928 512 2959 Ι’.

192 2972 203 2993 ⁴
230 2979 265 3007 et
287 2985 292 3005 :
314 2974 350 3006 P.
372 2974 413 3006 A.

1709 153 1787 196 179

988 229 1177 281 digitum
1208 230 1250 270 in
1274 230 1453 271 vulnera
1482 232 1718 281 clauorum,
1741 240 1783 273 et

989 285 1190 326 manum2
1227 288 1269 327 in
1312 288 1475 329 lanceae
1508 289 1687 342 plagam
1721 291 1784 330 in-

987 343 1185 392 seruisset,
1220 345 1263 385 in
1306 347 1452 386 medio
1488 346 1782 399 apostolorum

987 401 1218 442 confistens
1247 403 1374 451 dixit,
1405 403 1522 443 Infer
1555 403 1639 444 huc
1672 405 1782 458 digi-

986 465 1081 502 tum
1104 467 1242 509 tuum,
1264 466 1308 500 et
1329 461 1429 501 vide
1452 474 1608 501 manus
1631 475 1750 502 meas
1774 478 1781 502 :

985 524 1029 558 et
1062 517 1168 557 affer
1199 531 1378 558 manum
1412 524 1548 567 tuam,
1580 525 1624 559 et
1656 520 1781 560 mitte

985 576 1028 615 in
1056 575 1170 615 latus
1198 589 1356 624 meum,
1382 576 1558 629 nolique
1584 577 1782 617 incredu-

985 633 1051 673 lus
1078 633 1172 673 esse.
1236 633 1337 686 Quo
1364 631 1482 673 saeco
1516 634 1780 687 respondens

984 691 1192 738 Thomas,
1214 691 1284 731 Tu
1307 705 1352 731 es
1378 692 1551 744 (inquit)
1577 692 1782 732 dominus

985 763 1120 797 meus,
1135 755 1178 788 et
1201 748 1309 788 deus
1331 762 1465 789 meus.
1529 749 1686 802 Itaque
1708 750 1780 790 sua

983 807 1260 847 dubitatione
1288 820 1499 859 magnum
1522 807 1780 847 indubitatae

984 864 1084 905 fidei
1112 864 1411 904 testimonium
1440 864 1620 917 posteris
1644 865 1780 905 credi-

982 923 1089 962 turis
1119 921 1305 975 reliquit.
1366 921 1491 974 Quos
1513 922 1666 963 beatos
1689 922 1780 963 fore

982 987 1089 1020 tunc
1133 979 1326 1021 Christus
1369 979 1550 1020 testatus
1602 980 1662 1020 est
1712 980 1778 1020 his

981 1038 1138 1083 verbis,
1175 1036 1291 1090 Quia
1326 1037 1468 1077 vidisti
1502 1051 1571 1078 me
1604 1037 1779 1078 Thoma

983 1095 1212 1143 credidisti,
1263 1095 1381 1136 beati
1436 1096 1510 1148 qui
1572 1109 1659 1135 non
1716 1096 1778 1135 vi-

983 1154 1153 1201 derunt,
1214 1159 1258 1194 et
1318 1153 1607 1194 crediderunt.
1681 1153 1780 1193 Post

984 1211 1140 1253 Christi
1162 1225 1266 1252 vero
1287 1211 1343 1251 acl
1365 1217 1536 1264 patrem
1559 1210 1778 1251 ascensum

984 1269 1182 1309 Thomas
1220 1267 1431 1309 multum³
1460 1269 1514 1308 de
1548 1268 1779 1309 christiana

985 1327 1150 1379 pietate
1173 1327 1364 1375 meritus,
1386 1340 1518 1379 quam
1542 1327 1585 1366 in
1608 1326 1779 1374 Medos,

986 1385 1144 1433 Persas,
1167 1383 1380 1433 hircanos,
1405 1384 1712 1432 Brachmanas‚
1736 1389 1780 1424 et

986 1443 1196 1483 Indorum
1228 1448 1418 1494 gentem,
1447 1441 1577 1495 longe
1604 1441 1781 1494 lateque

983 1501 1256 1553 propagauit,
1287 1500 1331 1539 in
1364 1500 1600 1552 Magorum
1642 1500 1781 1552 regio-

983 1572 1083 1598 nem
1102 1558 1415 1611 praedicatione
1431 1557 1614 1605 delatus,
1633 1556 1782 1597 multis

984 1616 1112 1656 editis
1135 1615 1353 1656 miraculis
1372 1615 1427 1655 ab
1450 1616 1522 1663 eis,
1540 1615 1613 1668 qui
1637 1615 1779 1655 lucem

984 1674 1178 1714 veritatis
1196 1673 1356 1713 infense
1377 1673 1572 1719 oderant,
1589 1673 1779 1725 primum

984 1731 1044 1772 est
1069 1732 1358 1771 candentibus
1391 1730 1564 1770 laminis
1593 1730 1781 1777 adustus,

986 1790 1145 1830 deinde
1202 1789 1245 1828 in
1304 1788 1526 1828 fornacem
1586 1786 1781 1836 inieffims,

986 1847 1203 1900 postremo
1246 1846 1407 1886 lanceis
1441 1846 1657 1886 confossus
1694 1845 1780 1897 xij.

986 1905 1192 1945 calendas
1217 1904 1420 1955 Ianuarij.

1046 2032 1090 2075 ΕῙ
1142 2028 1304 2081 Vzgilia
1336 2027 1584 2067 natiuisalz's
1618 2026 1784 2067 domini

988 2085 1136 2127 etiam*
1175 2101 1189 2125 ι
1210 2086 1373 2126 incidat
1386 2086 1431 2125 iza
1442 2085 1621 2136 sabbato
1638 2091 1716 2124 aut
1736 2085 1779 2124 ias

986 2144 1199 2185 dominica
1240 2143 1330 2195 aiij.
1372 2143 1581 2182 aduentus
1618 2143 1787 2194 semper

986 2203 1138 2255 agilus*
1181 2200 1362 2253 officinm
1412 2200 1461 2239 de
1509 2200 1675 2252 sugillet,
1721 2200 1783 2239 Et

986 2260 1148 2299 dicitur
1200 2258 1263 2297 ad
1308 2257 1570 2298 matutinum
1622 2257 1781 2297 inuita-

986 2315 1172 2357 terium?

991 2410 1139 2450 Hodie
1182 2408 1320 2447 scietis
1368 2407 1470 2459 quia
1512 2407 1657 2446 veniet
1705 2407 1781 2446 do-

989 2468 1142 2515 minus,
1160 2471 1203 2505 et
1226 2479 1355 2504 mane
1372 2464 1575 2504 videbitis
1597 2464 1781 2516 gloriam

991 2526 1092 2565 eius.
1154 2523 1357 2574 Hymnus
1396 2522 1446 2561 de
1484 2521 1680 2570 aduentu,
1719 2522 1781 2561 vi-

987 2579 1156 2622 delz‘ccs'i
1195 2581 1299 2621 Vox
1338 2578 1602 2627 clamantis⁷‚
1625 2585 1693 2618 cle.

1276 2670 1310 2708 L
1318 2669 1418 2709 elvia
1441 2669 1511 2721 .z'l'j.

1097 2828 1155 2861 die
1174 2837 1239 2869 ,24
1261 2827 1298 2860 [ἠ
1319 2838 1363 2859 m.

1058 2876 1071 2893 ⁴³
1097 2874 1267 2908 videlicet
1286 2885 1291 2906 :
1310 2885 1377 2906 om.
1398 2873 1439 2906 A.

1061 2921 1072 2941 7
1098 2933 1168 2955 vox
1198 2921 1304 2954 elatis
1334 2931 1339 2953 z
1372 2920 1414 2952 R.
1438 2919 1504 2962 stc.
1556 2929 1625 2951 vox
1652 2918 1750 2950 clm-21
1775 2930 1780 2950 ς

1001 2972 1033 3003 l'.
1057 2970 1098 3002 A.
1151 2967 1235 3001 vide
1254 2979 1285 3011 p.
1308 2977 1361 2999 20.

1536 3039 1667 3068 12—-2
