1981 3248
607 145 864 177 DOMJNJCA
896 145 969 176 AD
999 145 1211 176 LAUDES.
1725 143 1747 185 3

131 220 190 261 Et
223 222 365 262 erexit
398 235 533 262 cornu
567 221 716 262 salutis
747 221 874 262 nobis

71 277 114 318 in
137 279 271 319 domo
293 280 427 320 dauid
449 280 572 332 pueri
595 279 667 320 sui.

130 335 255 377 Sicut
276 336 448 378 locutus
465 337 525 377 est
542 350 619 390 per
635 351 683 377 os
706 335 873 378 sane'to-

71 406 167 433 rum
204 394 278 447 qui
314 408 340 436 a
376 395 518 436 seculo
555 395 652 435 sunt
686 395 874 449 prophe-

70 457 215 492 tarum
238 452 342 494 eius.

130 508 331 550 Salutem
364 523 422 551 ex
456 510 643 551 inimicis
677 509 830 550 nostris
866 522 874 551 :

70 572 114 607 et
136 567 193 608 de
214 581 347 609 manu
369 569 567 609 omnium
590 567 665 622 qui
687 568 876 609 oderunt

70 638 161 665 nos.

128 681 204 723 Ad
245 682 494 725 faciendam
532 683 872 726 misericordiam

70 753 170 781 cum
199 741 398 794 patribus
424 741 577 782 nostris
606 756 616 783 t
640 749 684 784 et
706 756 874 784 memo-

70 798 152 838 rari
175 798 423 839 testamenti
446 799 506 840 sui
530 798 673 841 sanffl.

129 855 449 907 Iusiurandum,
475 859 595 910 quod
629 858 790 899 iurauit
815 857 872 898 ad

70 913 282 954 abraham
319 921 490 968 patrem
528 915 720 957 nostrum
755 931 763 957 :
796 916 875 957 da-

70 978 216 1012 turum
241 972 281 1012 se
303 973 438 1014 nobis.

129 1030 194 1071 Vt
226 1030 313 1070 fine
344 1031 503 1072 timore
535 1031 591 1072 de
625 1045 758 1072 manu
793 1031 872 1072 ini-

73 1087 285 1128 mieorum
304 1088 546 1130 nostrorum
565 1089 737 1130 liberati
761 1105 769 1130 :
791 1089 874 1130 ser-

72 1145 244 1186 uiamus
267 1146 339 1187 illi.

133 1203 185 1243 In
209 1202 436 1245 sanffititate
463 1210 507 1245 et
536 1204 696 1246 iustitia
724 1217 871 1246 coram

73 1260 170 1314 ipso
195 1275 204 1302 ε
226 1262 431 1302 omnibus
452 1263 608 1303 diebus
631 1263 795 1304 nostris.

132 1319 191 1359 Et
223 1325 270 1360 tu
299 1334 407 1373 puer
438 1321 654 1373 propheta
685 1321 873 1362 altissimi

73 1377 297 1417 vocaberis
345 1393 353 1418 :
398 1379 574 1430 praeibis
615 1380 732 1419 enim
769 1385 874 1419 ante

73 1434 229 1475 faciem
252 1435 420 1475 domini
442 1449 595 1488 parare
615 1437 708 1477 vias
731 1438 833 1478 eius.

130 1492 206 1532 Ad
241 1492 434 1534 dandam
468 1493 691 1534 scientiam
726 1494 873 1535 salutis

73 1549 190 1602 plebi
220 1551 312 1590 eius
345 1566 352 1591 :
385 1552 428 1591 in
457 1553 743 1593 remissionem
773 1566 873 1606 pec-

72 1614 271 1648 catorum
293 1622 456 1650 eorum.

132 1666 213 1706 Per
251 1666 412 1707 viscera
460 1667 764 1708 misericordiae
801 1667 872 1708 dei

73 1723 215 1773 nostri,
260 1724 304 1764 in
351 1724 510 1778 quibus
556 1726 746 1767 vifitauit
792 1739 872 1766 nos

71 1782 214 1821 oriens
236 1795 294 1822 ex
317 1782 419 1823 alto.

132 1839 388 1881 Illuminare
416 1840 483 1880 his
505 1841 579 1894 qui
603 1841 645 1881 in
667 1841 872 1890 tenebris,

73 1902 117 1936 et
138 1898 293 1938 vmbra
315 1899 467 1938 mortis
489 1898 639 1940 sedent
663 1914 670 1939 :
692 1900 748 1940 ad
771 1901 873 1940 diri-

72 1956 240 2007 gendos
280 1957 416 2009 pedes
462 1956 629 1998 nostros
670 1958 714 1998 in
754 1958 872 1999 viam

73 2026 204 2065 paels.

94 2107 137 2151 ΙΙ
170 2105 252 2145 Ad
266 2106 475 2158 primam.
536 2107 745 2160 Psalmzcs
775 2141 782 2149 .
790 2116 856 2160 53.

94 2191 106 2254 ἦ·
127 2185 300 2249 321'3'12115
346 2192 390 2233 in
437 2194 615 2234 nomine
661 2194 875 2235 tuo...de-

94 2256 105 2276 ⁸
128 2248 162 2282 ’Ὗ
182 2259 184 2261 ·
236 2249 380 2303 spexit
400 2251 551 2292 oculus
574 2265 708 2293 meus.

338 2324 545 2377 Psalmns
577 2336 609 2366 ,Ι
624 2327 685 2367 18.

85 2389 259 2470 ssEati
316 2392 875 2436 immaculati...sermones

184 2456 295 2491 tuos.

169 2507 356 2549 Etribue
385 2507 507 2550 seruo
536 2515 776 2551 tuo.‚.cum
807 2510 873 2551 di-

196 2566 336 2606 latasti
357 2580 432 2606 cor
454 2580 613 2608 meum.

79 2637 326 2689 Symbolum
343 2638 380 2678 A
392 2638 581 2694 tlcanastj
595 2639 774 2693 epifiopi.
810 2640 878 2682 Et

74 2695 237 2736 dicitnr
266 2703 437 2737 tantum
476 2697 520 2737 2'72
553 2698 780 2739 dominicis
809 2699 876 2740 di-

76 2752 202 2793 cbus:
243 2754 334 2793 Per
377 2754 683 2796 hebdomadam
733 2764 876 2797 antem

63 2809 254 2863 stugnlis
271 2810 281 2830 ¹
308 2811 454 2853 diebus
477 2813 568 2854 eius
595 2814 677 2854 loco
704 2814 875 2856 dicitur.

77 2868 230 2909 Credo.

250 2943 258 2962 ¹
287 2946 475 2991 fingularis
499 2948 568 2982 :A.

760 2949 773 2971 2
799 2955 834 2984 et
859 2962 865 2985 :
884 2953 984 2987 omit.
1006 2953 1044 2987 P.

947 219 1275 305 OVicunque
1305 221 1401 263 vult
1433 221 1575 263 saluus
1612 222 1696 264 esse
1743 238 1750 264 :

977 296 1028 319 -z
1075 285 1179 319 ante
1227 280 1377 320 omnia
1424 293 1535 333 opus
1583 280 1644 321 est
1697 286 1745 322 vt

940 340 1092 376 teneat
1113 336 1375 377 catholicam
1399 336 1542 378 fidem.

1001 392 1148 446 Quam
1186 394 1260 434 nisi
1297 395 1477 448 quisque
1513 396 1744 448 integram,

941 450 1288 505 inuiolatamque
1303 452 1536 494 seruauerit
1558 469 1566 494 2
1582 453 1744 507 absque

941 508 1079 549 dubio
1100 510 1360 550 inaeternum
1383 511 1552 564 peribit.

1001 566 1132 607 Fides
1183 574 1333 608 autem
1382 568 1600 609 catholica
1647 568 1744 610 haec

942 623 1002 664 est
1034 639 1041 664 :
1073 631 1121 665 vt
1142 639 1278 666 vnum
1307 625 1440 666 deum
1470 626 1513 666 in
1536 626 1745 677 trinitate,

941 681 1007 722 et2
1034 683 1276 724 trinitatem
1303 684 1347 724 in
1373 684 1541 725 vnitate
1568 698 1747 726 venere-

942 753 1050 781 mur.

1001 797 1158 851 Neque
1175 798 1497 840 confundentes
1514 799 1719 853 personas
1737 814 1745 842 :

940 868 1084 908 neque
1106 856 1390 897 substantiam
1412 857 1672 911 separantes.

999 913 1105 954 Alia
1139 914 1199 955 est
1232 915 1347 955 enim
1383 915 1565 968 persona
1598 916 1748 969 patris,

941 970 1027 1011 alia
1049 971 1124 1025 filij
1150 987 1158 1012 z
1179 971 1264 1012 alia
1286 972 1458 1025 spiritus
1481 971 1625 1013 sanffl.

1000 1028 1090 1070 Sed
1122 1030 1270 1082 patris,
1301 1036 1346 1070 et
1380 1030 1469 1083 filij,
1498 1037 1541 1072 et
1575 1031 1746 1084 spiritus

940 1085 1076 1127 sanffi
1093 1101 1179 1128 vna
1201 1087 1261 1128 est
1282 1088 1492 1129 diuinitas
1526 1102 1535 1129 ε
1564 1090 1747 1143 aequalis

941 1144 1104 1197 gloria:
1136 1152 1357 1186 coaeterna
1379 1146 1592 1188 maiestas.

1000 1202 1156 1255 Qualis
1187 1210 1323 1257 pater,
1344 1204 1445 1245 talis
1474 1204 1589 1245 filius
1615 1218 1624 1246 z
1645 1204 1745 1246 talis

941 1259 1113 1313 spiritus
1136 1259 1319 1303 sanotus.

1000 1319 1227 1359 Increatus
1268 1325 1403 1372 pater,
1438 1320 1656 1361 increatus
1698 1320 1745 1361 fi-

941 1375 1023 1416 lius
1046 1391 1054 1416 :
1076 1376 1293 1417 increatus
1316 1377 1486 1430 spiritus
1510 1377 1694 1419 san&us.

1001 1434 1245 1475 Immensus
1312 1442 1448 1488 pater,
1508 1436 1744 1476 immensus

941 1490 1053 1531 filius
1077 1507 1084 1532 :
1107 1492 1343 1533 immensus
1366 1493 1537 1546 spiritus
1559 1492 1743 1535 saffius.

1000 1549 1192 1590 Eternus
1214 1556 1349 1603 pater,
1372 1557 1563 1592 aeternus
1594 1551 1709 1592 filius
1735 1566 1742 1593 :

939 1612 1130 1647 aeternus
1153 1607 1324 1661 spiritus
1345 1607 1529 1650 sanetus.

1000 1665 1060 1705 Et
1081 1671 1230 1705 tamen
1255 1679 1341 1706 non
1360 1672 1447 1707 tres
1465 1667 1617 1708 aeterni
1640 1682 1648 1708 z
1671 1667 1742 1708 sed

939 1736 1050 1763 vnus
1073 1729 1274 1764 aeternus,

1000 1779 1125 1822 Sicut
1164 1794 1252 1821 non
1297 1787 1385 1822 tres
1429 1782 1622 1832 increati,
1663 1796 1742 1823 nec

940 1843 1028 1878 tres
1055 1838 1264 1888 immenfi,
1287 1839 1358 1879 sed
1380 1854 1492 1881 vnus
1513 1841 1742 1891 increatus,

941 1902 984 1937 et
1006 1909 1116 1936 vnus
1139 1897 1391 1938 immensus.

1000 1953 1212 1995 Similiter
1271 1956 1551 2009 omnipotens
1607 1962 1744 2009 pater,

940 2012 1222 2065 omnipotens
1264 2012 1380 2053 filius
1419 2026 1428 2054 :
1462 2014 1745 2067 omnipotens

942 2069 1115 2122 spiritus
1137 2068 1325 2112 sancPcus.

1000 2127 1060 2168 Et
1100 2133 1251 2168 tamen
1293 2142 1380 2169 non
1418 2134 1505 2169 tres
1542 2129 1746 2183 omnipo-

941 2189 1096 2234 tentes,
1119 2184 1189 2226 sed
1211 2199 1322 2226 Vnus
1344 2187 1638 2240 omnipotens.

1001 2243 1071 2283 Ita
1111 2243 1221 2283 deus
1261 2250 1397 2296 pater,
1435 2244 1544 2284 deus
1580 2244 1695 2285 filius
1732 2259 1742 2286 ι

941 2299 1049 2340 deus
1070 2299 1241 2354 spiritus
1264 2299 1448 2343 santffms

1000 2358 1060 2398 Et
1095 2363 1245 2399 tamen
1282 2372 1371 2399 non
1405 2365 1494 2400 tres
1527 2359 1586 2414 dij
1626 2373 1635 2402 ε
1672 2359 1743 2401 sed

939 2428 1052 2456 vnus
1073 2415 1133 2455 est
1154 2416 1274 2456 deus.

1002 2473 1072 2513 Ita
1112 2473 1318 2514 dominus
1359 2480 1494 2527 pater,
1537 2475 1744 2515 dominus

943 2529 1057 2571 filius
1082 2543 1091 2571 ε
1113 2531 1319 2572 dominus
1342 2531 1514 2585 spiritus
1536 2530 1719 2573 sanans.

1001 2587 1061 2628 Et
1100 2593 1251 2628 tamen
1289 2603 1375 2630 non
1410 2595 1497 2630 tres
1532 2591 1700 2631 domini
1736 2605 1745 2631 :

941 2645 1018 2686 sed
1041 2659 1152 2686 vnus
1175 2646 1234 2686 est
1256 2647 1473 2689 dominus.

1001 2702 1118 2756 Quia
1150 2703 1256 2745 ficut
1289 2703 1560 2758 fingillatim³
1591 2718 1744 2746 Vnam-

943 2774 1150 2814 quanque
1207 2762 1436 2815 personam
1495 2764 1640 2812 deum,
1691 2776 1743 2802 ac

943 2819 1173 2859 dominum
1245 2820 1442 2860 confiteri
1513 2820 1743 2861 christiana

942 2876 1126 2917 veritate
1167 2878 1472 2931 compellimur
1512 2892 1520 2919 :
1557 2878 1617 2918 ita
1655 2884 1742 2918 tres

1244 2951 1257 2971 ³
1285 2954 1466 2998 sigillatim
1492 2966 1498 2989 ε
1520 2955 1557 2988 P.

1520 3035 1624 3063 1—2
