1981 3248
207 133 284 173 128

203 225 301 267 cula
344 223 504 267 reie&a
539 225 598 266 est
636 223 660 265 a
695 225 924 273 iudicibus,
958 230 1003 265 et

203 284 472 325 Athanasius
540 284 760 324 liberatus.
864 282 1001 323 Aliud

204 342 364 383 deinde
406 343 673 383 intentatum
723 341 782 381 est
824 341 1000 381 crimen.

204 400 413 441 Arsenius
432 399 661 452 Athanasij
688 397 825 439 leetor
842 399 1004 439 timens

205 459 397 499 eiusdem
427 457 671 510 Athanasij,
703 471 834 510 quern
867 456 1003 496 offen-

205 517 340 566 derat,
375 516 720 569 castigationem‚
752 515 872 568 apud
916 514 1003 554 Ar-

205 575 373 615 rianum
397 574 620 627 quendam
645 573 861 613 latitabat.
897 573 1004 612 Eius

205 647 310 686 ergo
377 632 568 673 latebras
631 630 1005 671 comminiscendo

204 691 374 731 crimini
407 696 679 743 opportunas
717 689 879 729 inimici
912 688 1005 738 rati,

204 748 447 789 humanum
472 747 699 788 brachium
718 746 862 787 loculo
885 746 1004 787 dela-

205 814 299 847 tum
318 806 607 852 ostentabant,
625 806 743 858 quod
760 819 817 845 ex
833 804 1003 856 Arsenij

203 878 384 918 corpore
416 864 472 904 ab
504 863 747 904 Athanasio
780 862 1004 903 abscissum

204 922 287 963 esse
309 923 350 962 in
376 923 558 976 magicae
581 922 686 962 artis
707 921 840 971 Vsum,
864 921 1006 961 crimi-

204 980 434 1021 nabantur.
516 979 580 1020 At
631 979 840 1019 Arsenius
893 978 1006 1018 dolis

207 1039 406 1092 cognitis,
460 1038 545 1078 siue
598 1051 699 1077 eum
756 1037 1005 1077 humanita-

207 1098 262 1138 tis
280 1095 610 1148 contemplatio,
627 1095 712 1135 siue
735 1095 886 1135 diuina
909 1108 1005 1147 per-

208 1155 320 1208 pulit
347 1154 636 1207 prouidentia,
662 1152 775 1193 clam
803 1167 880 1205 per
903 1166 1005 1192 noc-

206 1214 262 1253 tis
300 1212 466 1252 silentia
503 1212 708 1259 euadenS,
741 1209 910 1263 tyrum¹
949 1210 1005 1250 ad

207 1270 501 1311 Athanasium
525 1269 564 1309 se
587 1268 784 1309 contulit.
839 1268 940 1321 Quo
963 1269 1006 1308 in

207 1327 440 1369 concilium
465 1333 625 1380 praeter
654 1326 772 1380 spem
806 1327 1004 1366 omnium

207 1384 435 1440 producto,
459 1391 501 1425 et
523 1391 760 1438 vtrumque
777 1384 1005 1424 brachium

206 1444 387 1484 illaesum
426 1443 694 1491 ostendente,
731 1443 1006 1483 inimicorum

207 1503 342 1543 scelus
393 1501 617 1555 perspicue
659 1499 883 1541 dete5tum
937 1500 1007 1540 est.

206 1561 271 1601 At
301 1574 389 1601 non
420 1566 651 1613 propterea
681 1559 858 1599 Arriani
889 1559 1008 1612 quie-

207 1633 320 1667 uere,
373 1617 442 1658 sed
497 1617 636 1657 multo
689 1618 853 1657 maiore
905 1617 1008 1656 odio

210 1676 502 1717 Athanasium
622 1674 1010 1728 prosequebantur,

208 1732 366 1776 cunsffta
408 1734 464 1774 ab
516 1747 567 1773 eo
618 1734 799 1786 magicis
842 1733 1009 1772 artibus

211 1791 325 1833 faeta
348 1792 430 1832 esse
454 1791 786 1831 calumniantes.
853 1790 1010 1843 Itaque

210 1851 366 1891 horum
399 1849 570 1889 insidias
606 1848 789 1901 fugiens,
812 1855 855 1889 et
895 1849 1011 1890 Con-

211 1908 354 1960 stantij
396 1907 683 1960 imperatoris,
722 1907 795 1959 qui
833 1906 1011 1946 fauebat

213 1966 425 2013 Arrianis,
479 1966 587 2005 iram
641 1964 951 2017 pertimescens
1003 1978 1011 2004 :

212 2037 376 2077 magna
429 2030 553 2076 parte
604 2023 721 2062 orbis
767 2028 1011 2075 peragrata,

214 2083 289 2122 sex
343 2082 576 2121 continuos
628 2094 766 2120 annos
819 2081 861 2120 in
905 2080 1013 2120 sicca

213 2140 395 2180 cisterna
424 2139 509 2179 sine
540 2138 637 2178 solis
667 2138 842 2191 aspectu
874 2138 1014 2186 latuit,

213 2199 355 2238 amico
419 2198 457 2237 ei
521 2197 714 2249 quodam
780 2196 1014 2236 necessaria

214 2256 327 2296 clam
380 2255 697 2308 suppeditante.
792 2254 1013 2294 Postremo

215 2315 317 2354 inde
332 2313 520 2365 egressus
535 2312 590 2352 ad
603 2312 854 2353 Constantis
869 2318 1015 2365 partes

218 2371 428 2424 profugus
452 2370 654 2417 abscessit,
676 2384 764 2423 quo
787 2370 1015 2410 adnitente

218 2430 365 2470 sedem
400 2429 519 2468 suam
555 2429 729 2481 recepit.
793 2427 1015 2468 Caeterum

218 2487 367 2540 postea
391 2486 629 2527 Constante
663 2492 848 2533 mortuo,
876 2485 1016 2525 rursus

220 2546 263 2584 in
307 2544 497 2585 Galliam
533 2543 775 2596 aufugienS,
817 2543 1018 2583 exulauit

218 2602 337 2655 apud
381 2602 595 2641 Treuiros.
663 2601 795 2641 Vnde
837 2601 1018 2641 alexan-

220 2661 360 2700 driam
397 2659 600 2706 reuersus,
625 2673 723 2699 cuni
759 2659 907 2711 postea
940 2659 1020 2698 im-

219 2717 432 2771 peratoris
470 2716 627 2756 Iuliani
665 2716 876 2769 apostatae
913 2716 1019 2756 iussu

221 2776 276 2815 ad
312 2788 461 2814 necem
508 2782 786 2827 quaereretur,
820 2788 897 2827 per
941 2773 1020 2814 fiu-

224 2834 343 2873 uium
389 2831 591 2871 nauicula
644 2831 827 2884 fugiens,
869 2831 1021 2871 dedita

362 2963 374 2983 1
401 2969 565 3006 tyrorum
590 2973 596 2994 :
616 2962 658 2994 R.

925 2959 938 2980 ²
965 2961 1051 2994 vide
1068 2972 1102 3006 p.
1124 2969 1177 3006 54.

952 147 1124 180 MAJUS.

1072 239 1206 279 opera
1237 225 1280 266 in
1314 224 1538 266 occursum
1571 224 1612 264 se
1644 222 1870 275 insequen-

1072 284 1184 324 tium
1214 284 1403 324 recurrit.
1465 282 1510 323 A
1544 282 1703 336 quibus
1740 281 1871 321 inter-

1074 342 1216 395 rogati
1259 342 1333 394 qui
1372 354 1470 381 cum
1510 354 1562 381 eo
1599 345 1734 388 erant,
1763 337 1868 391 quid

1074 399 1130 440 de
1167 399 1410 440 Athanasio
1452 397 1736 451 accepissent?
1781 409 1870 436 non

1075 457 1206 511 longe
1248 457 1387 510 ipsum
1427 463 1605 497 euntem
1643 455 1684 495 se
1720 454 1870 495 vidisse

1076 515 1402 569 responderunt.
1455 514 1608 567 Atque
1635 514 1697 553 ita
1719 512 1803 552 illis
1825 512 1868 552 in

1075 573 1292 613 diuersum
1328 572 1632 613 festinantibus
1667 570 1871 611 Athana-

1076 631 1157 671 sius
1184 631 1327 672 euasit.
1391 629 1478 684 Qui
1502 643 1590 670 non
1613 628 1754 669 multo
1776 627 1871 681 post

1075 688 1403 729 Alexandriam
1438 688 1621 735 rediens,
1655 687 1740 727 alia
1774 685 1871 726 sub-

1074 753 1171 788 orta
1193 746 1452 799 tempestate
1475 745 1556 798 .iiij.
1589 744 1805 785 mensibus
1828 744 1872 783 in

1075 811 1261 858 paterno
1279 804 1503 858 sepulchro
1526 802 1712 844 delituit.
1755 802 1874 842 Tan-

1075 863 1176 903 dem
1206 863 1272 903 his
1302 861 1614 915 permultisque
1643 860 1739 913 alijs
1763 860 1874 913 peri-

1076 921 1184 961 culis
1237 921 1387 960 diuina
1436 934 1520 972 ope
1563 919 1786 967 liberatus,
1828 918 1871 957 in

1076 978 1309 1032 episcopali
1343 978 1415 1018 sua
1448 978 1546 1018 sede
1580 983 1779 1017 mortuus
1814 975 1874 1016 est

1077 1036 1297 1077 miraculis
1335 1036 1489 1084 clarus,
1525 1049 1624 1075 cum
1663 1048 1760 1075 eam
1799 1033 1874 1074 sex

1076 1100 1119 1135 et
1149 1095 1445 1147 quadraginta
1475 1107 1615 1133 annos
1648 1107 1725 1145 per
1755 1092 1875 1133 varia

1076 1154 1317 1192 certamina
1388 1151 1575 1200 rexisset,
1647 1150 1875 1203 multaque

1074 1224 1208 1264 opera
1230 1208 1471 1251 dorstissime
1493 1208 1807 1263 composuisset.

1135 1326 1178 1371 ΙῙ
1216 1323 1416 1364 quentio
1437 1323 1604 1375 sanc‘Joe
1632 1322 1769 1363 crucis
1799 1323 1877 1363 du-

1066 1383 1170 1436 plex
1189 1382 1345 1423 maius.
1394 1381 1475 1421 Ad
1492 1381 1692 1434 vesperas.
1739 1380 1878 1433 Hym-

1077 1455 1166 1481 nus.

1135 1517 1316 1559 Vexilla
1340 1515 1487 1571 regis².

1396 1615 1558 1656 Oratio.

1087 1692 1278 1774 DEus,
1307 1691 1380 1744 qui
1414 1691 1455 1730 in
1491 1691 1702 1743 praeclara
1735 1690 1880 1731 saluti-

1191 1750 1292 1789 ferae
1316 1749 1454 1788 crucis
1478 1750 1735 1789 inuentione
1757 1750 1879 1801 passi-

1080 1808 1176 1847 onis
1228 1814 1315 1847 tuae
1369 1807 1579 1846 miracula
1622 1806 1829 1847 suscitasti
1874 1822 1881 1847 :

1081 1865 1286 1913 concede,
1322 1871 1369 1905 vt
1405 1865 1551 1905 vitalis
1590 1864 1697 1918 ligni
1734 1866 1881 1917 precio

1082 1930 1258 1963 aeternae
1287 1924 1389 1963 vitae
1420 1922 1624 1975 suffragia
1646 1923 1881 1976 consequa-

1083 1995 1179 2021 mur
1202 1997 1209 2021 :
1233 1980 1320 2034 Qui
1344 1981 1454 2021 viuis
1478 1987 1522 2021 et
1546 1994 1702 2034 regnas
1727 1980 1801 2022 &o

1083 2095 1127 2139 (l
1146 2093 1228 2133 Ad
1241 2092 1517 2133 matutz'mmz.
1542 2091 1880 2134 inuitatorz'mffl.

1142 2179 1358 2221 Christum
1418 2193 1566 2233 regem
1620 2179 1881 2221 crucifixum

1083 2238 1230 2278 venite
1254 2237 1489 2278 adoremus
1512 2237 1733 2279 halleluia.

1376 2350 1590 2403 Hymnus.

1096 2427 1280 2510 Ustris
1318 2426 1394 2467 sex
1437 2428 1511 2480 qui
1555 2428 1642 2467 iam
1687 2425 1883 2480 peractis

1208 2486 1408 2537 Tempus
1436 2485 1624 2537 implens
1653 2485 1846 2537 corporis
1877 2498 1884 2524 :

1089 2542 1147 2584 Se
1171 2542 1350 2583 volente
1374 2550 1503 2583 natus
1527 2542 1672 2583 adhoc
1704 2543 1884 2582 Passioni

1089 2601 1266 2641 deditus
1292 2614 1299 2640 :
1323 2600 1482 2652 Agnus
1506 2601 1548 2639 in
1573 2614 1699 2640 cruce
1718 2600 1887 2640 leuatur

1093 2658 1399 2699 Immolandus
1425 2658 1578 2710 stipite.

1154 2716 1239 2756 Hic
1255 2723 1439 2764 acetum,
1457 2715 1525 2764 fel,
1541 2715 1884 2768 arundo,Sputa‚

1093 2774 1218 2823 claui,
1255 2773 1407 2814 lancea
1445 2774 1556 2814 Mite
1598 2787 1756 2826 corpus
1792 2787 1886 2826 per-

1090 2831 1267 2878 foratur,
1308 2830 1498 2883 Sanguis
1539 2831 1657 2870 vnda
1698 2830 1885 2883 profluit,

1457 2960 1470 2981 3
1496 2961 1555 2996 die
1574 2988 1581 2994 .
1587 2970 1617 3005 3.
1636 2962 1677 2995 in
1696 2972 1742 2995 m.
