1981 3248
210 126 289 166 114

205 220 350 259 neque
396 206 588 260 praefidis
631 206 810 247 monitis
859 205 884 247 a
930 206 1004 260 pio

205 264 402 305 instituto
433 265 627 305 reuocari
665 265 887 318 potuisset:
935 279 1005 305 ca-

204 322 328 375 pitali
371 323 583 363 sententia
625 323 863 363 damnatur
903 336 1004 362 cum

206 380 460 421 Philoromo
487 381 753 421 centurione.
817 380 904 434 Qui
934 394 1004 421 co-

205 438 413 479 nantibus
436 445 479 479 et
503 439 656 488 iudice,
679 445 723 479 et
745 439 1005 492 propinquis

204 495 229 536 a
254 511 357 537 vera
386 498 552 550 pietate
586 496 782 537 Phileam
817 497 1005 536 summo-

203 568 304 594 vere
333 555 675 603 exclamauerat,
705 554 824 607 Quid
854 554 1006 595 frustra

203 612 493 653 constantiam
523 612 734 653 fortissimi
756 613 835 652 viri
864 618 1006 652 tenta-

203 669 304 710 tis¹?
369 670 457 711 Cur
497 684 597 711 eum
645 671 802 723 cogitis
845 684 1005 723 negare

203 728 349 776 deum,
369 734 417 769 vt
439 728 692 768 hominibus
716 728 1004 781 obsequatur?

205 785 446 838 Quomodo
469 786 610 839 potest
633 787 815 826 terrenis
834 785 1005 838 lachry-

205 845 286 884 mis
310 841 438 885 fleeti.
490 845 612 884 cuius
636 844 750 884 oculi
783 844 1004 884 coelestem

204 902 292 942 iam
331 901 517 955 gloriam
557 902 848 943 contuentur?
917 903 1004 942 Ita-

202 974 287 1013 que
310 958 335 1000 a
363 960 492 1000 turba
520 960 689 1001 furente
719 960 1004 1013 comprehen-

202 1017 270 1058 sus
308 1018 414 1058 iussu
448 1017 639 1071 praesidis
674 1019 887 1070 martyrio
919 1032 1005 1058 vna

203 1090 302 1116 cum
348 1076 498 1116 Philea
540 1083 792 1117 coronatur.
855 1077 1005 1129 pridie.

203 1133 357 1174 Nonas
381 1134 618 1187 Februarij.

202 1233 246 1277 (I
270 1230 309 1270 Α
311 1230 451 1283 gallea
473 1230 597 1283 virgo
623 1237 803 1283 martyr.
866 1229 1007 1270 Lefi‘z'o

556 1286 651 1341 jz'j2.

210 1362 404 1443 DEcio
439 1363 703 1415 imperatore
738 1361 1005 1414 Quintianus

330 1420 491 1461 Siciliae
509 1420 663 1473 praeses
679 1427 836 1472 captus
856 1434 1005 1460 amore

203 1478 362 1519 nobilis
390 1485 523 1530 atque
554 1479 730 1531 egregia
757 1478 898 1518 forma
922 1479 1004 1518 vir-

202 1538 316 1589 ginis
354 1536 550 1589 Agathae
589 1537 631 1576 in
673 1536 777 1576 vrbe
821 1536 1005 1584 Catana,

201 1609 301 1635 cum
340 1595 476 1647 ipsam
515 1594 793 1634 christianam
832 1595 926 1643 esse,
961 1601 1004 1634 et

202 1651 360 1693 san5³oee
380 1653 603 1705 pudicitiae
622 1652 891 1705 cognouisset
906 1653 1003 1705 capi

201 1725 299 1751 eam
323 1711 443 1751 iubet
459 1717 675 1763 praetenta
693 1710 1003 1763 superstitionis

201 1769 338 1809 causa.
428 1768 662 1821 Ipsamque
724 1768 1002 1821 Aphrodifiae

201 1827 376 1867 cuidam
400 1826 565 1879 septem
594 1826 780 1866 filiarum
809 1827 1003 1866 meretri-

201 1899 300 1924 cum
325 1885 452 1924 matri
475 1890 518 1924 et
548 1884 657 1923 lenae
685 1885 799 1936 turpi
827 1884 1002 1924 consue-

201 1943 354 1983 tudine
372 1942 703 1995 deprauandam
723 1943 868 1982 tradit.
914 1942 1002 1983 Sed

200 2000 295 2053 post
319 2001 435 2040 diem
459 2000 740 2052 trigesimum,
760 2014 861 2039 cum
881 2000 1000 2053 Aga—

199 2058 278 2098 tha
337 2059 624 2098 meretriciam
683 2058 1003 2110 turpitudinem

202 2115 342 2156 multo
366 2116 505 2168 magis
529 2115 662 2155 exosa
685 2114 871 2155 sanctior
888 2130 938 2156 ac
961 2116 1003 2155 in

200 2175 361 2214 virtute
376 2173 643 2213 constantior
659 2173 876 2226 persistere
896 2188 1004 2213 nun-

201 2233 398 2281 ciaretur,
434 2232 617 2284 produci
653 2232 840 2271 eandem
874 2232 928 2271 ad
963 2231 1004 2272 se

202 2289 482 2342 Quintianus,
501 2295 743 2342 optareque
761 2290 891 2329 iubet.
919 2289 1003 2341 dijs

202 2362 256 2388 ne
278 2347 515 2388 sacrificare
538 2347 700 2396 mallet,
719 2361 774 2386 an
793 2347 1003 2400 supplicia

202 2406 399 2459 ingentia
422 2405 569 2445 subire.
625 2405 736 2458 Quae
756 2419 855 2445 cum
875 2405 1003 2445 nullis

202 2463 424 2517 supplicijs
457 2462 482 2503 a
514 2463 600 2503 fide
624 2463 781 2503 Christi
814 2463 854 2502 se
886 2463 1004 2515 posse

202 2521 464 2561 summoueri
516 2521 810 2573 respondisset,
864 2521 1003 2573 alapis

201 2578 485 2619 vehementer
536 2578 644 2618 caesa
696 2579 739 2618 in
785 2592 1003 2618 carcerem

203 2637 404 2677 truditur.
466 2635 535 2676 Ac
562 2636 770 2688 postridie
802 2650 902 2676 cum
930 2650 1003 2676 eo-

202 2694 304 2734 dem
322 2694 471 2734 animo
490 2693 847 2746 perseueraret,in
868 2708 1004 2747 equu-

203 2752 272 2792 leo
309 2752 536 2801 cruciatu-r>
566 2757 684 2792 torta
715 2752 918 2804 primum,
953 2765 1002 2792 ac

272 2910 284 2931 1
310 2910 488 2945 tentantis
512 2921 518 2942 z
540 2911 583 2944 R.

271 2957 284 2978 2
311 2957 371 2991 die
389 2965 431 3001 .5.
453 2957 492 2990 in
511 2968 556 2991 m.

877 129 1010 160 FEBR
1019 129 1211 162 UARJUS.

1075 207 1236 248 deinde
1277 207 1454 249 abscissa
1505 208 1713 250 mamilla.
1776 207 1879 262 Quo

1077 266 1385 318 patientissime
1418 266 1618 315 tolerato,
1642 266 1737 319 post
1759 267 1875 307 diem

1078 329 1283 376 quartum
1319 325 1460 365 acutis
1492 324 1670 373 testulis,
1704 330 1747 365 et
1781 324 1878 364 sub-

1077 381 1219 421 stratis
1241 382 1507 422 carbonibus
1537 382 1794 435 imponitur:
1827 396 1878 422 ac

1076 439 1311 480 volutatur.
1367 441 1467 480 Hoc
1485 440 1592 480 dum
1611 440 1877 492 fieret‚mag-

1077 510 1158 537 nus
1176 503 1303 538 terrae
1327 505 1472 538 motus
1491 498 1643 538 vrbem
1660 499 1877 546 concussit,

1076 569 1165 607 quo
1187 556 1329 608 paries
1358 569 1563 596 corruens
1592 555 1810 597 Siluinum
1834 562 1877 596 et

1079 612 1335 654 Falconium
1384 613 1574 666 praefidis
1616 613 1877 654 domesticos

1076 672 1291 724 oppressit.
1357 672 1515 724 Itaque
1557 672 1675 712 ciues
1718 672 1877 712 timore

1075 729 1254 781 perculsi
1279 743 1441 782 magno
1464 729 1654 770 clamore
1676 730 1719 770 in
1738 729 1877 782 Quin-

1076 787 1260 835 tianum,
1292 788 1504 828 damnata
1542 788 1633 827 eius
1668 788 1711 827 in
1748 788 1878 840 virgi-

1077 859 1177 885 nem
1202 845 1377 894 saeuitia,
1401 846 1686 886 concitantur.
1750 846 1878 885 Tunc

1075 917 1178 943 vero
1201 903 1384 956 Agatha
1407 904 1449 943 in
1473 917 1690 943 carcerem
1714 903 1877 944 retrudi

1077 961 1261 1010 iubetur,
1284 975 1373 1014 quo
1397 975 1497 1002 cum
1525 962 1628 1001 esset
1655 962 1877 1002 semimor-

1077 1024 1154 1058 tua
1182 1017 1362 1059 redu&a
1394 1020 1526 1060 deum
1556 1025 1603 1060 vt
1634 1019 1753 1060 suam
1785 1019 1877 1059 ani-

1078 1090 1195 1116 mam
1234 1078 1446 1130 reciperet
1481 1084 1673 1130 precata,
1705 1091 1763 1117 ex
1796 1076 1878 1117 hac

1075 1135 1166 1175 vita
1189 1135 1395 1188 migrauit
1418 1136 1545 1175 nonis
1569 1135 1805 1188 Februarij.

1400 1232 1561 1273 Oratio.

1085 1307 1273 1388 DEus,
1297 1308 1370 1360 qui
1401 1308 1513 1348 inter
1538 1314 1697 1348 caetera
1725 1314 1881 1360 poten-

1207 1365 1281 1405 tiae
1309 1372 1397 1406 tuae
1431 1366 1640 1406 miracula
1670 1367 1803 1406 etiam
1834 1366 1876 1406 in

1077 1423 1182 1463 sexu
1220 1423 1362 1475 fragili
1405 1421 1633 1464 vi&oriam
1677 1424 1874 1477 martyrij

1077 1481 1311 1521 contulisti:
1345 1482 1538 1522 concede
1565 1482 1801 1535 propitius:
1832 1489 1880 1523 vt

1076 1540 1198 1579 cuius
1226 1540 1426 1580 natalitia
1451 1539 1654 1580 colimus:
1687 1554 1765 1593 per
1786 1540 1879 1580 eius

1077 1598 1132 1637 ad
1168 1604 1211 1638 te
1246 1598 1456 1651 exempla
1492 1598 1763 1651 gradiamur:
1797 1599 1879 1638 Per

1076 1656 1317 1696 dominum.

1074 1754 1118 1799 fl
1162 1752 1388 1792 Adanfft’m
1433 1758 1473 1792 et
1509 1751 1622 1804 socij
1657 1758 1877 1804 martyres.

1334 1809 1479 1850 Lech'o
1505 1808 1604 1862 ,z‘z‘y‘³.

1076 1884 1353 1966 TEmpore
1373 1884 1648 1932 Diocletiani,
1668 1890 1710 1924 et
1730 1884 1876 1924 Maxi-

1178 1943 1311 1982 miani
1334 1943 1648 1995 imperatorum
1673 1942 1877 1982 saeuiente

1075 2000 1117 2039 in
1133 2000 1386 2040 christianos
1404 1999 1703 2053 persecutione
1720 2001 1876 2040 ciuitas

1076 2058 1281 2110 quaedam
1320 2057 1534 2111 Phrygiae,
1563 2072 1661 2111 quae
1689 2058 1876 2110 publicae

1076 2122 1119 2156 et
1151 2130 1314 2168 magno
1348 2116 1510 2156 ciuium
1543 2116 1740 2155 omnium
1773 2129 1876 2156 con—

1076 2173 1194 2214 sensu
1224 2173 1379 2214 Christi
1412 2173 1546 2213 fidem
1577 2173 1876 2226 profitebatur,

1075 2245 1175 2271 cum
1199 2231 1319 2272 nulla
1346 2232 1517 2272 ratione
1543 2232 1702 2272 adduci
1726 2231 1875 2284 posset,

1075 2295 1122 2330 vt
1149 2291 1255 2330 deos
1284 2289 1449 2330 alienos
1477 2290 1691 2338 adoraret,
1713 2289 1875 2329 obsessa

1076 2348 1132 2388 ab
1165 2348 1401 2400 impiorum
1435 2348 1644 2394 exercitu,
1677 2347 1875 2387 vniuersa

1076 2405 1162 2445 sine
1183 2405 1271 2446 vllo
1295 2405 1423 2445 sexus
1452 2412 1528 2445 aut
1554 2405 1699 2445 aetatis
1732 2405 1874 2444 discri-

1076 2464 1194 2503 mine
1246 2463 1505 2511 incenditur,
1558 2469 1684 2503 tanta
1725 2462 1874 2516 ⁴impi-

1075 2535 1200 2561 orum
1230 2521 1500 2569 crudelitate,
1526 2527 1574 2561 vt
1603 2520 1747 2560 nullus
1781 2534 1874 2560 om-

1075 2579 1180 2618 nino
1212 2579 1318 2618 ciuis
1350 2578 1451 2618 huic
1481 2578 1598 2619 vrbis
1632 2578 1873 2618 calamitati

1074 2636 1339 2689 superfuerit.
1404 2636 1538 2677 Cuius
1571 2637 1689 2676 beati
1724 2649 1874 2676 nume-

1076 2694 1241 2747 rosique
1285 2693 1480 2746 martyrij
1528 2693 1650 2733 simul
1689 2694 1744 2734 ab
1781 2693 1873 2733 vni-

1074 2752 1195 2792 uersa
1222 2752 1401 2792 ciuitate
1430 2751 1623 2804 suscepti,
1651 2749 1804 2792 au6³tor
1830 2757 1874 2790 et

1147 2910 1159 2930 3
1187 2911 1245 2944 die
1264 2919 1306 2952 .7.
1327 2911 1367 2943 in
1386 2921 1432 2943 m.
