1981 3248
896 152 1079 183 IULIUS.

156 229 414 282 martyrium
456 229 662 269 videlicet
704 231 951 282 procreauit

156 287 465 334 Crescentium,
510 287 743 334 Iulianum,
788 288 951 328 Neme-

154 344 272 393 sium,
288 345 578 394 Primitiuum,
590 344 815 394 Iustinum,
827 345 951 386 Stac-

154 407 287 450 teum‚
311 400 573 454 Eugenium,
596 416 696 442 cum
726 403 883 455 quibus
906 404 949 442 in

153 459 453 511 persecutione
489 459 676 500 Adriani
712 466 842 513 capta
879 460 950 508 est,

153 522 333 569 propter
367 516 621 557 Christianae
656 517 757 557 fidei
791 517 952 570 profes-

152 574 327 622 sionem,
349 574 587 627 omnesque
620 574 770 614 multis
802 573 949 615 affe&i

153 631 387 684 supplicijs‚
408 637 455 672 vt
487 631 513 671 a
539 646 642 672 vera
673 633 839 685 pietate
869 633 951 673 dis-

153 690 371 729 cederent.
433 689 485 729 In
523 703 610 742 qua
651 704 750 730 cum
794 691 950 730 immo-

152 746 265 787 biles
297 747 636 799 permanfissent,
669 747 951 800 symphorosa

153 805 196 843 in
227 804 599 857 praeterfluentem
630 804 813 845 fluuium
844 805 949 845 saxo

152 862 208 902 ad
241 861 403 901 collum
436 862 640 915 appenso,
675 864 950 916 praecipitata

153 919 223 969 est,
248 925 291 959 et
319 919 583 972 interempta
608 936 615 960 ε
641 921 830 974 Eiusque
858 935 951 961 cor-

153 991 235 1030 pus
286 977 342 1017 ab
385 977 587 1029 Eugenio
640 978 768 1030 ipsius
819 978 951 1019 fratre

153 1034 384 1087 sepulturae
408 1035 575 1075 datum.
618 1035 827 1076 Postridie
847 1050 951 1077 vero

152 1093 226 1145 qui
268 1092 350 1132 suit
391 1107 474 1133 .XV.
512 1092 720 1133 calendas
762 1093 950 1146 Augusti

152 1150 317 1203 septem
348 1149 502 1190 fratres
531 1150 706 1203 singulis
735 1151 951 1204 stipitibus

153 1208 321 1259 alligati
364 1208 471 1248 sunt.
534 1209 593 1248 Et
635 1209 828 1249 crescens
870 1224 950 1262 per

152 1272 305 1317 guttur
335 1265 448 1305 ferro
480 1265 726 1315 transfixus,
751 1267 950 1307 Iulianus

152 1337 230 1376 per
271 1321 437 1375 pefitus,
480 1323 705 1364 Nemesius
748 1338 826 1377 per
867 1339 952 1374 cor,

153 1381 405 1420 Primitiuus
432 1394 509 1434 per
539 1381 806 1431 vmbilicum,
829 1382 952 1422 Iusti-

153 1452 233 1478 nus
286 1439 568 1478 membratim
621 1438 825 1480 disse5³ms
877 1440 947 1489 est,

154 1494 358 1536 Stacffteus
382 1496 532 1536 multis
556 1496 717 1536 lanceis
736 1497 952 1546 confixus,

154 1553 380 1606 Eugenius
423 1552 448 1593 a
490 1552 666 1606 pestore
717 1555 760 1594 in
803 1562 950 1607 partes

152 1611 374 1651 inferiores
390 1611 545 1652 scissus,
586 1612 782 1665 Ipsorum
799 1619 947 1653 autem

151 1682 335 1721 corpora
353 1669 395 1708 in
415 1668 566 1709 fossam
590 1670 816 1722 quandam
839 1685 949 1723 prae-

151 1725 287 1766 altam
310 1724 482 1766 deieeta
504 1727 600 1767 sunt
620 1728 665 1783 'in
688 1728 759 1768 via
777 1728 951 1781 Tybur-

150 1784 244 1824 tina
267 1784 472 1824 milliario
496 1798 626 1825 nono.

166 1897 209 1942 εἷ
234 1891 452 1933 Praxedz's
484 1891 628 1945 Virgo.
688 1892 834 1932 Laevo
857 1900 936 1933 ler-

504 1950 597 1991 tz'a¹.

236 2019 436 2059 Raxedis
503 2020 627 2072 virgo
688 2020 950 2060 venerabilis

257 2077 467 2117 Pudentis
486 2078 655 2117 romani
674 2077 774 2126 filia,
792 2079 949 2118 amissis

150 2135 404 2187 parentibus
427 2141 552 2174 tanta
574 2149 677 2175 cura
695 2142 737 2175 et
753 2135 950 2175 constan-

149 2191 212 2231 tia
246 2192 588 2232 Christianorum
622 2193 948 2233 commoditati-

151 2249 233 2289 bus
249 2249 520 2298 inseruiebat,
538 2255 584 2289 vt
601 2250 763 2289 multos
780 2249 948 2290 saneto—

153 2320 249 2346 rum
267 2320 512 2359 pauperum
529 2307 610 2347 suis
626 2308 782 2360 opibus
798 2307 947 2356 aleret,

151 2364 336 2404 aliorum
388 2365 719 2413 necessitatibus,
761 2379 848 2417 quo
889 2367 945 2405 ad

150 2427 323 2474 poterat
346 2423 607 2474 prouideret.
651 2423 822 2462 Exorta
843 2437 945 2462 vero

153 2479 495 2520 Christianorum
519 2479 595 2519 sub
627 2480 778 2520 Marco
801 2480 946 2520 Anto-

150 2536 275 2577 nino²
325 2537 588 2589 imperatore
637 2538 948 2590 persecutione,

151 2593 399 2635 exaestuans
414 2596 537 2648 virgo
559 2595 689 2635 beata
712 2609 799 2635 non
820 2595 946 2635 desti-

150 2653 204 2692 tit
237 2651 386 2692 fideles
418 2653 537 2692 omni
579 2653 748 2693 ratione
786 2653 945 2693 fouere.

152 2709 309 2762 Itaque
360 2710 468 2749 alios
509 2710 629 2750 domi
681 2710 942 2759 occultabat,

151 2766 246 2818 alijs
270 2767 501 2807 necessaria
524 2767 818 2816 submittebat,
836 2768 944 2807 alios

151 2825 205 2863 ad
231 2824 329 2864 fidei
359 2824 645 2866 constantiam
677 2825 944 2866 hortabatur.

266 2959 274 2979 ¹
303 2959 360 2994 dic
381 2969 433 2994 21.
455 2962 492 2994 in
512 2973 556 2994 m.

757 2960 768 2980 ²
795 2959 958 2994 Antonio
980 2971 986 2993 2
1007 2959 1049 2992 A.
1251 2956 1263 2975 ’Ἴ
1290 2956 1347 2990 (lic
1368 2966 1408 2989 22

1741 150 1814 190 141

1020 231 1269 283 Martyrum
1294 245 1476 284 corpora
1500 231 1608 271 mira
1632 231 1820 272 solicitu-

1018 289 1122 328 dine
1143 286 1327 328 colle&a
1345 288 1591 341 sepeliebat.
1623 289 1817 329 Tantam

1018 346 1151 399 igitur
1221 345 1566 387 Christianorum
1630 346 1817 398 stragem

1018 417 1119 443 cum
1161 403 1247 443 sine
1298 403 1467 443 summo
1516 402 1667 444 dolore
1709 404 1818 443 serre

1019 475 1106 500 non
1141 461 1291 513 posset,
1323 467 1501 513 precata
1533 461 1665 501 deum
1698 467 1745 501 vt
1777 461 1818 500 se

1018 519 1154 558 tantis
1181 532 1204 558 e
1233 518 1359 558 malis
1389 519 1576 570 eriperet
1606 519 1818 558 exaudita

1018 575 1088 616 est.
1171 576 1231 616 Et
1273 576 1460 629 egregiae
1503 576 1588 615 suae
1639 577 1816 629 pietatis

1017 640 1150 686 atque
1183 634 1384 673 laborum
1423 633 1606 685 praemia
1638 647 1817 687 percep-

1017 697 1126 740 tura,
1151 692 1359 743 migrauit
1388 692 1444 731 ad
1474 691 1704 731 dominum
1727 692 1815 744 ,xij

1017 748 1223 789 calendas
1273 748 1473 801 Augusti.
1535 748 1670 790 Cuius
1724 763 1816 788 cor-

1015 820 1097 859 pus
1132 806 1280 846 Pastor
1311 806 1541 859 presbyter
1577 806 1703 847 iuxta
1740 820 1816 859 pa-

1017 870 1129 904 trem
1153 870 1196 904 et
1223 864 1411 904 sororem
1440 864 1748 904 Potentianam
1772 865 1814 904 in

1017 922 1272 962 coemeterio
1306 921 1508 962 Priscillae
1542 922 1613 961 via
1645 921 1817 963 Salaria

1017 979 1232 1033 sepeliuit.

1075 1072 1119 1116 ΕῙ
1162 1069 1320 1110 [Uaria
1356 1069 1627 1122 stlagdalena
1667 1069 1820 1122 duplex

1017 1128 1171 1168 minus.
1232 1127 1314 1167 Ad
1342 1127 1531 1180 vesperas
1566 1133 1608 1167 et
1638 1127 1817 1167 matuta·-

1017 1199 1132 1226 mtm.

1306 1255 1520 1307 Hymnus.

1120 1323 1230 1364 Vius
1291 1323 1478 1364 obtentu
1540 1323 1649 1364 deus
1701 1324 1816 1365 alme

1161 1381 1314 1421 nostris
1358 1382 1494 1422 Parce
1536 1382 1624 1422 iam
1677 1383 1816 1435 culpis

1014 1439 1127 1479 vicia
1169 1440 1411 1487 remittens,
1445 1439 1547 1492 Quo
1584 1440 1664 1479 tibi
1708 1441 1817 1492 puri,

1016 1496 1266 1537 resonemus
1284 1496 1453 1537 almum
1474 1495 1666 1537 Pec‘storis
1688 1498 1817 1550 hym-

1018 1567 1136 1594 num.

1076 1611 1226 1652 Gloria
1258 1612 1383 1665 patri,
1412 1613 1663 1666 genitaeque
1694 1613 1817 1666 proli,

1019 1670 1078 1709 Et
1100 1669 1180 1709 tibi
1203 1684 1385 1723 compar
1406 1670 1628 1723 Vtriusque
1646 1671 1817 1724 semper

1019 1727 1210 1780 Spiritus
1245 1728 1360 1767 alme
1398 1727 1506 1768 deus
1547 1742 1658 1768 vnus
1696 1730 1817 1769 omni

1018 1792 1218 1838 tempore
1241 1785 1349 1826 secli.
1410 1784 1573 1827 Amen.

1339 1881 1500 1923 Oratio.

1100 1957 1227 1997 Eatae
1300 1957 1455 1997 Mariae
1534 1957 1815 2010 Magdalenre

1117 2014 1368 2068 quaesumus
1393 2014 1575 2054 domine
1602 2015 1817 2068 suffragijs

1016 2073 1290 2120 adiuuemur,
1315 2072 1438 2112 cuius
1471 2072 1674 2124 precibus
1708 2087 1815 2113 exo-

1016 2137 1135 2170 ratus
1191 2146 1198 2170 :
1249 2130 1591 2182 quatriduanum
1635 2130 1813 2170 fratrem

1014 2189 1164 2228 viuum
1188 2187 1244 2227 ab
1267 2187 1413 2227 inferis
1436 2187 1687 2227 resuscitasti
1712 2204 1719 2228 :
1741 2188 1814 2241 qui

1014 2260 1135 2286 viuis.

1015 2343 1058 2387 ᾖ
1092 2341 1173 2381 Ad
1190 2341 1454 2381 matutinum
1478 2340 1814 2383 innitczz‘orimffl.

1074 2415 1328 2456 Laudemus
1361 2414 1492 2454 deum
1536 2414 1727 2454 nostrum
1771 2415 1813 2454 in

1013 2473 1273 2513 confesfione
1304 2472 1447 2512 beatae
1490 2471 1643 2511 Mariae
1686 2473 1813 2525 Mag-

1013 2530 1196 2571 dalenae.

1251 2630 1396 2670 Lemo
1427 2630 1570 2670 tertia.

1022 2706 1147 2789 EX
1180 2704 1433 2745 mulieribus
1465 2719 1564 2757 quae
1596 2704 1811 2745 Christum

1133 2763 1307 2816 egregia
1349 2764 1515 2815 pietate
1556 2762 1728 2803 coluisse
1771 2764 1811 2803 in

1015 2821 1190 2862 historia
1247 2819 1501 2872 euangelica
1561 2820 1813 2869 referuntur,

1430 2956 1468 2990 in
1488 2967 1532 2989 m.
1585 2967 1651 2988 ami
1677 2957 1713 2988 l’.
