1981 3248
466 142 708 174 OFFICJVM
734 142 832 173 ΒΕΑ
845 141 923 172 TAE
955 141 1139 173 MARJAE
1179 144 1407 176 VJRGlNlS.

98 217 301 258 inertium
340 219 507 259 mundo
545 219 743 271 praebuit.
807 218 894 258 De-

96 274 226 327 nique
255 281 426 316 tantum
455 276 495 316 se
517 277 573 316 ad
600 276 699 316 coeli
730 275 898 327 fastigia

97 331 351 380 subleuauit,
388 342 436 373 vt
472 334 654 374 verbum
698 334 740 373 in
778 333 895 386 prin-

96 390 211 442 cipio
234 392 349 443 apud
369 391 500 431 deum
519 391 573 431 de
594 391 778 443 superna
796 390 894 430 coeli

97 460 194 487 arce
226 447 465 501 susciperet.
531 449 570 490 O
602 448 707 488 felix
742 448 896 494 Maria,

98 511 141 543 et
192 506 311 545 omni
359 505 488 546 laude
535 507 791 558 dignissima.
854 505 893 546 O

96 563 219 615 virgo
256 564 325 603 dei
360 564 551 616 genitrix
590 563 788 616 gloriosa.
853 563 892 604 O

96 619 289 660 sublimis
325 635 539 674 puerpera
573 621 693 661 cuius
727 621 894 662 visceri-

96 677 177 717 bus
209 676 363 718 au&or
390 679 500 727 coeli,
530 685 744 732 terraeque
775 692 893 718 com-

97 736 295 776 mittitur.

95 833 140 879 fl]
185 832 226 871 A
272 833 431 885 pasclza
482 833 607 886 {sque
655 832 717 873 ad
751 839 894 884 pente-

149 889 276 942 costen
312 891 428 931 lecsZz'o
464 890 591 931 sertia
626 904 676 930 ex
697 889 894 942 sermone

140 947 290 999 sanffi
307 948 535 988 Bernardz'.

101 1022 330 1105 SIgnum
364 1037 573 1076 magnum
607 1024 811 1076 apparuit
849 1023 891 1062 in

196 1080 309 1121 coelo
327 1093 334 1118 :
357 1082 514 1121 mulier
534 1079 696 1121 amicPOE
718 1081 804 1121 sole
823 1096 830 1120 :
848 1087 891 1121 et

96 1137 198 1178 luna
225 1138 301 1179 sub
329 1139 515 1191 pedibus
538 1140 629 1178 eius
653 1154 661 1178 :
683 1144 725 1178 et
755 1139 796 1178 in
821 1152 889 1179 ca-

94 1196 186 1248 pite
217 1196 308 1237 eius
341 1210 502 1236 corona
533 1196 752 1237 stellarum
781 1197 889 1236 duo-

94 1253 247 1294 decim.
295 1253 595 1294 Vehementer
610 1254 789 1307 quidem
813 1268 890 1294 no-

94 1311 160 1351 bis
182 1310 440 1352 dileffifissimi
457 1313 522 1352 vir
537 1326 648 1352 vnus
670 1318 713 1352 et
736 1311 891 1351 mulier

93 1382 179 1410 vna
216 1383 404 1409 nocuere
442 1385 450 1409 :
487 1369 558 1409 sed
600 1370 764 1422 gratias
806 1369 890 1409 deo

93 1441 170 1480 per
190 1441 324 1468 vnum
348 1427 630 1467 nihilominus
652 1427 790 1467 virum
817 1443 824 1467 :
849 1433 892 1467 et

94 1485 319 1525 mulierem
362 1499 495 1525 vnam
537 1485 686 1524 omnia
732 1484 891 1525 restau-

93 1541 261 1583 rentur¹
284 1558 291 1583 :
314 1556 394 1583 nec
422 1542 507 1582 sine
530 1556 692 1596 magno
724 1541 891 1583 foenore

92 1601 345 1654 gratiarum.
428 1600 585 1653 Neque
626 1600 742 1640 enim
787 1600 890 1640 sicut

93 1656 335 1706 dileffitumz
375 1659 436 1698 ita
477 1664 520 1698 et
561 1658 728 1698 donum
770 1673 777 1697 :
819 1658 889 1698 sed

93 1717 271 1756 excedit
337 1716 488 1756 damni
554 1715 889 1756 aestimationem

93 1773 291 1826 beneficij
326 1774 597 1826 magnitudo.
660 1773 734 1814 Sic
763 1773 888 1812 nimi-

92 1845 188 1872 rum
211 1832 563 1885 prudentissimus
581 1837 624 1871 et
646 1831 889 1871 clementis-

93 1890 221 1930 simus
254 1889 415 1930 artifex
448 1904 455 1928 :
487 1889 604 1941 quod
643 1888 888 1941 quassatum

94 1947 234 1988 fuerat
263 1961 350 1987 non
373 1946 587 1999 confregit
611 1962 619 1986 :
643 1946 714 1986 sed
740 1946 887 1986 vtilius

92 2006 274 2045 omnino
288 2004 437 2045 refecit
457 2020 464 2044 :
478 2011 526 2044 vt
540 2003 744 2044 videlicet
762 2004 887 2044 nobis

92 2077 257 2103 nouum
287 2063 495 2102 formaret
516 2061 668 2101 Adam
691 2075 749 2101 ex
770 2068 887 2101 vete-

91 2121 124 2160 ri
162 2137 170 2161 :
210 2127 253 2160 et
296 2120 440 2159 Euam
482 2119 802 2159 transfunderet
843 2119 886 2158 in

93 2179 290 2218 Mariam.
370 2178 428 2217 Et
469 2177 647 2229 quidem
697 2176 887 2216 sufficere

90 2242 263 2289 poterat
306 2234 511 2283 Christus,
552 2234 579 2273 si
621 2234 800 2286 quidem
843 2240 886 2274 et

91 2307 205 2334 nunc
252 2294 395 2332 omnis
444 2291 697 2332 sufficientia
744 2291 886 2331 nostra

91 2365 148 2392 ex
171 2365 222 2391 eo
246 2350 305 2391 est
329 2366 335 2390 :
358 2349 429 2390 sed
460 2349 586 2390 nobis
609 2349 773 2389 bonum
797 2362 884 2388 non

89 2415 182 2450 erat
207 2408 290 2449 esse
311 2407 535 2447 hominem
560 2406 706 2446 solum.
769 2406 885 2447 Con-

89 2480 246 2520 gruum
280 2465 431 2517 magis,
459 2471 505 2505 vt
537 2464 699 2504 adesset
732 2463 884 2504 nostrae

90 2523 353 2577 reparationi
384 2522 510 2562 sexus
538 2528 719 2574 vterque
742 2536 749 2561 :
778 2535 885 2573 quo-

89 2595 184 2622 rum
208 2580 475 2633 corruptioni
499 2586 651 2620 neuter
672 2579 880 2619 defuisset.

91 2639 254 2679 Fidelis
277 2638 407 2691 plane
424 2643 467 2678 et
489 2643 646 2690 potens
670 2637 886 2676 mediator

89 2697 159 2737 dei
182 2702 225 2737 et
251 2696 479 2736 hominum
504 2710 511 2735 :
533 2695 667 2735 homo
691 2693 884 2735 Christus

161 2803 171 2824 ¹
198 2804 466 2837 restaurantur:
489 2803 530 2835 R.
550 2802 586 2835 P.
607 2803 649 2835 A.

159 2850 171 2870 ²
198 2849 372 2883 dclic'tum
395 2862 401 2884 ;
422 2850 463 2882 R.
488 2850 523 2882 P.
545 2849 586 2882 A.

162 2898 174 2918 ³
200 2897 248 2930 est
269 2909 275 2929 z
294 2908 360 2929 om.
385 2897 423 2929 P.
443 2897 484 2928 A.

160 2943 172 2963 ⁴
198 2954 261 2987 per
279 2955 284 2976 :
303 2954 369 2976 om.
390 2943 432 2975 A.

1688 137 1766 186 189

968 218 1086 258 Iesus
1118 235 1125 259 ι
1157 220 1227 260 sed
1258 221 1454 262 diuinam
1487 223 1529 263 in
1563 237 1615 263 eo
1645 238 1765 266 reue-

968 282 1116 316 rentur
1136 277 1337 318 homines
1361 279 1643 322 maiestatem.

1025 334 1150 387 Opus
1179 335 1258 375 est3
1287 337 1403 376 enim
1436 338 1679 380 mediatore
1707 341 1762 381 ad

967 392 1254 432 mediatorem
1305 394 1431 434 istum
1478 408 1487 435 ε
1529 409 1609 436 nec
1654 397 1764 438 alter

965 449 1091 500 nobis
1112 450 1258 490 vtilior
1279 465 1412 504 quam
1442 453 1593 494 Maria.
1657 455 1763 496 Cru-

965 506 1074 546 delis
1112 508 1317 549 nimirum
1362 509 1458 549 Eua
1498 509 1593 562 per⁴
1628 526 1761 565 quam

964 563 1137 617 serpens
1152 566 1358 618 antiquus
1371 567 1618 620 pestiferum
1629 571 1761 611 etiam

964 621 1038 674 ipsi
1061 623 1153 663 viro
1175 624 1290 664 virus
1314 624 1472 665 infudit
1494 641 1500 665 :
1526 626 1597 666 sed
1620 626 1761 668 fidelis

965 680 1106 720 Maria
1135 695 1234 733 quae
1264 681 1410 722 salutis
1440 684 1690 725 antidotum
1718 692 1761 726 et

963 737 1065 777 viris
1107 745 1150 778 et
1199 739 1453 781 mulieribus
1497 743 1759 794 propinauit.

966 794 1047 835 Illa
1078 796 1195 836 enim
1230 797 1423 839 ministra
1456 798 1720 840 seducfftionis
1753 817 1761 841 ;

961 851 1056 892 haec
1074 854 1407 906 propitiationis.
1462 856 1544 897 Illa
1562 857 1761 910 suggessit

961 912 1368 962 praeuaricationem
1410 927 1418 954 z
1457 914 1551 954 haec
1593 916 1761 956 iniecit5

962 969 1323 1022 redemptionem.

960 1062 1004 1106 (I
1035 1060 1074 1099 A
1104 1063 1325 1116 pentecoste
1354 1063 1479 1116 vsque
1507 1065 1570 1104 ad
1597 1066 1759 1106 natiui-

1003 1124 1146 1226 jalem
1163 1120 1220 1159 M
1220 1121 1329 1161 arz'oe
1347 1122 1538 1175 virginis
1557 1137 1608 1162 ex
1619 1124 1758 1164 eodem

1033 1190 1207 1218 ermom.

958 1248 1323 1332 AMplectamur
1375 1254 1527 1294 Mariae
1578 1255 1758 1309 vestigia

1072 1308 1225 1349 fratres
1261 1311 1345 1350 mei
1373 1326 1380 1350 :
1409 1318 1452 1351 et
1484 1312 1757 1354 deuotissima

958 1366 1273 1420 supplicatione
1288 1368 1427 1409 beatis
1442 1369 1555 1410 illius
1570 1371 1757 1423 pedibus

959 1424 1281 1477 prouoluamur.
1344 1426 1594 1468 Teneamus
1623 1442 1720 1469 eam
1749 1445 1756 1469 :

959 1495 1038 1522 nec
1066 1483 1342 1524 dimittamus
1372 1485 1513 1525 donec
1546 1485 1757 1526 benedix-

959 1540 1039 1579 erit
1091 1541 1228 1581 nobis.
1311 1542 1472 1582 Potens
1519 1543 1578 1583 est
1627 1545 1753 1584 enim.

960 1598 1134 1650 Nempe
1161 1598 1298 1639 vellus
1328 1599 1387 1640 est
1420 1600 1614 1641 medium
1644 1602 1758 1642 inter

959 1669 1100 1695 rorem
1137 1663 1181 1696 et
1217 1670 1364 1697 aream
1404 1674 1411 1698 ε
1453 1659 1609 1699 mulier
1644 1660 1757 1700 inter

959 1712 1091 1753 solem
1134 1722 1178 1754 et
1221 1714 1370 1755 lunam
1410 1731 1417 1755 :
1460 1716 1604 1757 Maria
1646 1717 1757 1758 inter

958 1770 1177 1812 Christum
1200 1778 1244 1813 et
1266 1772 1487 1814 ecclesiam
1511 1774 1756 1823 constituta,

958 1828 1048 1870 Sed
1071 1829 1181 1870 forte
1205 1831 1372 1870 miraris
1395 1844 1483 1871 non
1506 1837 1597 1872 tam
1620 1832 1756 1873 vellus

956 1893 1158 1939 opertum
1196 1902 1291 1928 rore
1331 1902 1340 1929 :
1376 1902 1509 1941 quarn
1548 1888 1754 1931 ami&am

957 1943 1042 1984 sole
1066 1944 1304 1986 mulierem.
1358 1946 1525 1999 Magna
1546 1947 1754 2000 siquidem

956 2001 1231 2043 familiaritas
1269 2019 1276 2043 ε
1314 2003 1385 2044 sed
1428 2005 1537 2044 mira
1574 2006 1755 2045 omnino

957 2060 1158 2100 vicinitas
1181 2061 1279 2101 solis
1301 2068 1346 2102 et
1367 2061 1572 2103 mulieris.
1632 2062 1755 2115 Quo-

957 2118 1090 2157 modo
1108 2119 1282 2158 enimin
1301 2124 1392 2159 tam
1407 2119 1656 2161 vehementi
1674 2121 1755 2161 fer-

955 2188 1076 2215 uore:
1091 2182 1181 2215 tam
1198 2176 1362 2228 fragilis
1377 2183 1532 2217 natura
1547 2177 1754 2219 subsistit?

956 2232 1117 2272 Merito
1135 2234 1314 2286 quidem
1332 2234 1559 2275 admiraris
1579 2235 1754 2288 Moyses

955 2288 1112 2340 sanffite,
1130 2298 1174 2332 et
1196 2290 1419 2332 curiosius6
1436 2292 1668 2344 desyderas
1691 2294 1754 2333 in—

956 2348 1076 2388 tueri.
1123 2349 1426 2390 Veruntamen
1449 2349 1565 2390 solue
1587 2350 1752 2391 calcea-

957 2411 1105 2446 menta
1133 2407 1188 2447 de
1216 2406 1403 2459 pedibus
1432 2408 1529 2455 tuis,
1558 2414 1601 2448 et
1631 2408 1752 2448 inuo-

956 2463 1074 2503 lucra
1106 2477 1221 2517 pone
1250 2464 1488 2505 carnalium
1522 2466 1752 2517 cogitatio-

955 2535 1072 2569 num,
1128 2522 1155 2561 si
1212 2522 1420 2562 accedere
1475 2523 1752 2575 concupiscis,

955 2578 1084 2619 Vado
1102 2579 1282 2633 (inquit)
1301 2586 1344 2619 et
1366 2580 1524 2620 videbo
1547 2580 1751 2621 visionem

955 2636 1069 2677 hanc
1111 2651 1332 2690 magnam.
1409 2637 1575 2690 Magna
1621 2638 1752 2690 plane

953 2693 1056 2734 visio
1085 2693 1237 2734 rubus⁷
1258 2695 1415 2735 ardens
1445 2695 1530 2735 sine
1556 2696 1753 2735 combus-

1026 2801 1040 2821 ⁵
1066 2802 1205 2846 ingessit
1224 2815 1230 2837 ε
1252 2804 1287 2837 P.

1029 2848 1042 2869 ⁶
1066 2850 1252 2884 curiosus:
1278 2852 1314 2884 Ι).

1029 2895 1040 2917 ⁷
1068 2897 1202 2930 rubens
1225 2909 1230 2930 :
1257 2898 1297 2929 A.
