1981 3248
172 119 250 160 108

164 218 350 255 conatur
363 219 571 256 auertere.
608 215 696 257 Sed
712 214 796 256 hoc
813 215 968 256 frustra

163 276 347 321 tentato,
372 271 493 313 iubet
520 286 620 313 eum
649 273 793 327 stipite
814 273 967 326 alliga-

166 334 261 370 tum
297 328 323 370 a
357 329 592 383 sagittarijs
625 331 800 384 configi.
863 332 966 371 Fre-

162 387 401 440 quentibus
418 389 551 441 igitur
568 389 735 442 sagittis
750 389 966 438 confixus,

162 459 262 485 cum
286 446 342 486 ab
364 446 570 487 omnibus
593 453 669 487 aut
691 454 965 501 pernecatus,

162 509 239 544 aut
270 503 470 556 protinus
502 505 739 545 moriturus
771 506 966 545 credere-

163 567 245 611 tur,
268 567 417 602 tamen
440 562 721 616 consequenti
745 562 884 610 nocte,
908 564 964 604 ab

167 619 350 672 Hyrene
391 618 540 660 san&a
574 627 777 661 matrona
814 621 965 675 sepeli-

163 677 265 717 endi
293 678 438 730 gratia
464 677 659 719 sublatus
684 679 810 719 viuus
843 693 963 732 repe-

163 734 281 783 ritur,
304 740 348 775 et
379 749 463 788 ope
495 736 646 777 diuina
675 737 796 777 breui
829 737 889 778 est
920 738 963 778 in

162 792 297 833 domo
330 792 445 833 illius
475 793 517 833 in
548 795 773 847 pristinam
796 796 964 837 valetu-

162 851 312 890 dinem
346 851 577 893 restitutus.
641 853 799 905 Itaque
831 854 965 907 paulo

160 908 256 961 post
288 907 430 949 factus
461 910 640 951 obuiam
684 911 965 952 Diocletiano

162 966 217 1006 ad
242 967 300 1006 rei
325 967 583 1008 miraculum
607 969 812 1019 attonito,
830 969 963 1010 libere

160 1024 297 1077 coepit
319 1025 594 1078 impietatem
618 1033 661 1067 et
684 1027 895 1068 saeuitiam
919 1028 961 1068 in

162 1082 431 1123 Christianos
464 1083 772 1137 improperare.
835 1086 963 1126 Tunc

159 1154 264 1180 vero
301 1141 406 1181 iussu
450 1142 642 1183 eiusdem
684 1143 962 1195 imperatoris

159 1204 251 1238 tam
279 1199 352 1239 diu
383 1199 516 1252 virgis
549 1200 682 1241 caesus
715 1201 785 1250 est,
819 1201 961 1242 donec

159 1257 355 1296 animam
398 1257 639 1299 exhalauit.
710 1258 816 1299 Eius
858 1273 961 1299 vero

159 1327 318 1367 corpus
342 1315 384 1354 in
407 1315 604 1356 cloacam
628 1315 848 1357 deiecfftum
874 1317 962 1357 Lu-

157 1372 267 1412 cinae
301 1386 447 1425 opera,
469 1374 535 1413 cui
571 1373 852 1416 Sebastianus
884 1389 962 1428 per

158 1430 373 1471 somnium
398 1431 520 1479 visus,
545 1437 588 1472 et
610 1432 682 1472 vbi
714 1432 836 1473 suum
867 1447 959 1474 cor-

157 1502 240 1541 pus
269 1488 382 1536 esset,
407 1495 450 1529 et
473 1489 544 1530 vbi
573 1491 703 1530 condi
726 1490 858 1531 vellet
886 1491 960 1531 de-

159 1546 429 1597 monstrauit,
461 1548 516 1587 ad
550 1547 866 1589 cathaciimbas
902 1549 961 1589 se-

157 1604 331 1656 pultum
357 1604 415 1645 est
442 1620 449 1645 :
486 1605 560 1646 vbi
583 1606 800 1659 templum
833 1613 961 1648 extat

159 1662 350 1702 eiusdem
382 1663 561 1704 nomine
585 1663 792 1714 dicatum,
817 1665 961 1718 passus

157 1720 217 1760 est
248 1727 396 1761 autem
432 1721 590 1762 Romae
618 1723 726 1775 ‚xiij
752 1723 960 1764 calendas

158 1778 398 1832 Februarij.

155 1850 305 1904 Agnes
336 1851 459 1905 virgo
491 1859 670 1905 martyr.
696 1853 850 1908 duplex
879 1855 960 1895 mi-

397 1924 493 1951 mas.
559 1911 720 1953 Ονιτίιό.

250 1984 508 2038 Mnipotens
546 1985 807 2039 sempiterne
837 1987 957 2037 deus,

277 2044 351 2096 qui
375 2042 547 2084 infirma
570 2045 723 2085 mundi
741 2045 865 2098 eligis
887 2052 959 2087 :vt

156 2098 286 2140 sortia
316 2114 505 2154 quaeque
537 2102 783 2144 confundas
813 2119 820 2144 :
854 2117 958 2144 con-

154 2158 262 2198 cede
304 2159 521 2212 propitius
566 2173 574 2200 ε
615 2166 663 2201 vt
696 2161 770 2214 qui
813 2161 957 2202 beatae

154 2215 348 2268 Agnetis
391 2218 597 2271 martyris
640 2224 728 2259 tuae
765 2218 958 2260 solennia

153 2273 350 2323 colimus,
378 2275 470 2316 eius
497 2275 617 2329 apud
640 2282 684 2317 te
709 2277 957 2331 patrocinia

157 2330 396 2373 sentiamus
421 2348 428 2373 :
454 2347 541 2386 per.

396 2406 542 2448 Leffio
566 2408 691 2449 tertia
701 2406 722 2448 ¹.

153 2478 337 2564 AGnes
358 2481 482 2534 virgo
507 2483 713 2523 Romana
736 2483 862 2525 claris
881 2499 956 2537 pa—

268 2539 462 2579 rentibus
486 2546 594 2588 orta,
616 2540 739 2581 cum²
761 2542 817 2582 ab
839 2543 956 2583 vrbis

152 2594 348 2649 praefeffi
377 2596 467 2636 filio
497 2611 646 2638 amore
675 2598 889 2652 flagrante
912 2601 955 2641 in

151 2654 385 2707 coniugem
428 2655 602 2707 magnis
644 2656 864 2709 pollicitiS‚
907 2665 951 2699 et

151 2712 436 2752 contentione
467 2720 701 2765 peteretur,
742 2716 950 2756 omnibus

150 2769 300 2821 spretis
322 2769 366 2810 in
389 2783 440 2809 ea
464 2770 735 2823 responsione
754 2773 949 2824 perstitit,

151 2827 191 2868 se
217 2827 273 2868 ab
300 2833 497 2868 amatore
531 2828 702 2870 Christo
730 2829 850 2872 fuisse
877 2846 948 2872 oc-

288 2946 300 2968 1
328 2946 387 2982 die
406 2957 459 2982 21.
480 2949 518 2981 in
539 2960 583 2983 m.
835 2950 847 2972 2
874 2964 957 2987 cum

983 2964 989 2987 :
1009 2964 1075 2987 om.
1097 2952 1140 2986 A.

850 136 902 168 [Α
907 136 950 167 Ν
951 135 1012 168 UA
1017 135 1077 167 R!
1079 135 1138 169 US
1138 160 1145 167 .

1037 221 1260 268 cupatam,
1291 216 1457 271 ipsique
1493 217 1569 258 soli
1609 218 1649 259 se
1686 217 1838 259 datam

1037 272 1173 314 fidem
1215 275 1421 327 praestare
1472 281 1685 328 oportere.
1769 276 1840 316 Ita

1037 344 1137 372 cum
1161 345 1305 386 neque
1328 332 1570 386 blanditijs,
1593 347 1738 387 neque
1760 334 1839 373 mi-

1037 389 1104 429 nis
1145 398 1500 431 commoueretur
1541 390 1566 431 a
1607 391 1840 444 proposito,

1036 460 1116 487 nec
1148 448 1253 488 iussa
1286 449 1396 489 Deae
1424 449 1570 490 Vestae
1602 448 1839 490 sacrificare

1035 505 1253 558 paruisset,
1285 506 1475 547 vestibus
1512 506 1697 560 spoliata
1728 521 1840 560 prae-

1036 569 1168 603 eunte
1196 577 1399 616 praecone
1429 565 1472 604 in
1496 564 1682 618 lupanar
1703 563 1838 606 ducta

1035 620 1107 670 est,
1140 621 1213 661 vbi
1251 621 1424 662 coeleste
1459 623 1608 663 lumen
1650 623 1704 664 sic
1738 636 1836 663 eam

1035 679 1327 729 circumfulsit,
1358 685 1404 720 vt
1437 679 1462 721 a
1493 681 1669 721 nemine
1700 681 1837 721 videri

1035 736 1185 789 posset.
1249 738 1454 791 Cumque
1486 737 1684 791 praefecti
1718 738 1836 779 filius

1035 794 1190 847 virgini
1232 795 1514 837 insultaturus
1563 796 1770 845 intrasset,
1811 795 1838 837 a

1035 852 1230 893 Diabolo
1253 853 1486 895 suffocatus
1509 854 1708 895 traditur.
1761 854 1836 908 qui

1035 924 1143 950 mox
1170 912 1368 952 oratione
1389 912 1569 965 virginis
1596 912 1835 959 suscitatus,

1033 969 1304 1022 egressusque
1327 970 1370 1010 in
1394 971 1621 1023 publicum
1645 970 1835 1011 clamare

1033 1027 1180 1079 coepit,
1205 1027 1394 1080 Templa
1426 1029 1610 1069 deorum
1640 1028 1724 1069 esse
1746 1028 1836 1069 dae-

1033 1097 1215 1124 monum
1231 1085 1465 1133 domicilia,
1476 1092 1520 1127 et
1537 1086 1674 1127 solum
1694 1086 1834 1128 Chris-

1031 1142 1252 1183 tianorum
1269 1157 1421 1184 verum
1436 1144 1519 1185 esse
1533 1145 1677 1185 deum.
1733 1143 1836 1197 Quo

1032 1200 1242 1240 miraculo
1264 1201 1531 1255 templorum
1553 1201 1835 1256 pontificibus

1032 1258 1277 1306 commotis,
1320 1272 1371 1300 ac
1405 1259 1620 1312 virginem
1655 1261 1832 1313 magam

1032 1315 1115 1355 esse
1152 1316 1495 1364 clamitantibus,
1531 1317 1737 1371 Aspasius
1773 1319 1835 1359 vi-

1032 1374 1173 1414 carius
1203 1374 1244 1415 in
1273 1374 1508 1428 conspe&u
1538 1376 1739 1416 omnium
1766 1389 1833 1416 ro-

1030 1445 1136 1484 gum
1161 1433 1354 1481 accendi,
1372 1439 1414 1474 et
1437 1433 1479 1474 in
1503 1446 1603 1474 eum
1618 1434 1833 1487 virginem

1032 1491 1230 1542 protrudi
1255 1490 1375 1532 iussit.
1439 1491 1541 1545 Quo
1570 1489 1687 1533 facto
1709 1490 1838 1536 flam-.

1033 1548 1114 1588 mis
1148 1548 1293 1589 diuisis
1322 1548 1412 1603 ipsa
1443 1550 1487 1590 in
1521 1550 1670 1590 medio
1703 1549 1834 1590 illaesa

1032 1606 1277 1658 permansit,
1307 1613 1351 1648 et
1379 1607 1491 1661 ignis
1519 1607 1833 1649 circumstantes

1032 1664 1260 1713 exurebat,
1291 1665 1366 1718 qui
1398 1672 1549 1706 tamen
1583 1666 1639 1706 ad
1672 1666 1833 1707 oratio—

1032 1735 1133 1762 nem
1148 1722 1328 1774 virginis
1344 1722 1488 1763 statim
1512 1722 1738 1764 extinctus
1761 1723 1832 1765 est.

1031 1779 1158 1820 Tunc
1209 1780 1416 1833 Aspasius
1469 1781 1532 1822 ira
1583 1781 1833 1822 concitatus

1031 1837 1143 1878 iussit
1164 1851 1261 1878 eam
1285 1838 1502 1880 decollari.
1572 1839 1631 1879 Et
1648 1839 1703 1879 slC
1720 1852 1832 1879 mar-

1030 1895 1145 1947 tyrio
1163 1902 1374 1937 coronata
1391 1897 1446 1938 ad
1465 1896 1666 1950 sponsum
1691 1897 1832 1938 Chi-is-

1028 1959 1124 1994 tum
1166 1954 1400 2006 emigrauit
1440 1954 1707 1995 duodecimo
1763 1969 1833 1995 ca-

1030 2010 1185 2051 lendas
1218 2011 1458 2065 Februarij.
1520 2012 1729 2053 Parentes
1756 2026 1832 2053 au-

1028 2074 1119 2110 tem
1158 2069 1250 2109 eius
1284 2083 1442 2123 corpus
1479 2069 1752 2111 abstulerunt
1787 2077 1832 2111 et

1028 2127 1100 2167 via
1130 2127 1419 2168 Numentana
1448 2127 1490 2168 in
1521 2128 1735 2181 praediolo
1757 2128 1832 2169 suo

1029 2198 1116 2224 non
1152 2184 1283 2238 longe
1318 2185 1374 2225 ab
1408 2186 1512 2227 vrbe
1555 2185 1829 2239 sepelierunt.

1029 2242 1088 2283 Et
1120 2241 1239 2283 fama
1272 2241 1514 2284 sanfftitatis
1547 2244 1638 2284 eius
1669 2244 1831 2298 vbique

1028 2300 1228 2354 dispersa,
1259 2307 1480 2355 quotquot
1511 2302 1741 2342 credentes
1774 2302 1831 2343 ad

1028 2357 1302 2411 sepulchrum
1327 2359 1419 2400 eius
1436 2360 1659 2409 venissent,
1679 2358 1704 2400 ὲ.
1725 2373 1830 2413 qua-

1028 2429 1201 2469 cunque
1223 2416 1478 2458 infirmitate
1502 2417 1781 2460 sanabantur.

1028 2488 1072 2533 {I
1108 2485 1356 2527 Vincentius
1376 2493 1417 2527 et
1434 2486 1692 2540 Anastafius
1712 2500 1830 2528 mar—

1207 2550 1328 2595 zsyres.
1388 2544 1532 2584 Lech'o
1552 2543 1650 2597 ‚2'4'7'³.

1029 2601 1344 2683 VIncentius
1369 2601 1525 2643 Oschae
1546 2608 1688 2652 natus,
1710 2603 1828 2656 quod

1144 2659 1358 2712 oppidum
1390 2659 1449 2699 est
1477 2659 1703 2712 Hispaniae
1726 2661 1830 2701 cite-

1021 2716 1156 2765 rioris,
1199 2717 1255 2757 ab
1293 2718 1475 2757 ineunte
1518 2724 1650 2758 aetate
1685 2717 1827 2758 studio

1019 2775 1261 2814 litterarum
1278 2775 1517 2822 deditus,et
1533 2775 1659 2815 sacris
1675 2775 1828 2815 litteris

1019 2832 1227 2881 eruditus,
1260 2831 1285 2872 a
1315 2832 1494 2873 Valerio
1529 2832 1828 2887 Caesaraugus-

1388 2951 1401 2972 ³
1429 2952 1487 2986 die
1506 2962 1559 2987 22.
1579 2953 1620 2986 in
1639 2964 1684 2988 m.
