1981 3248
195 146 278 187 204
606 150 777 182 INDEX

193 225 430 266 Chrysogonus

195 269 293 299 Clara

195 312 349 343 Clemens

194 355 307 386 Cletus
331 360 363 386 et
389 355 604 387 Marcellinus

194 399 477 430 Commemoratio
495 399 589 430 Pauli

195 485 381 526 Conceptio
405 486 552 527 Virginis

194 528 375 560 Conversio
399 530 493 560 Pauli

194 572 366 604 Cornelius
390 577 422 603 et
447 572 633 614 Cyprianus

195 615 334 647 Cosmas
360 621 392 647 et
416 616 603 647 Damianus

195 714 360 745 Damasus

196 757 384 788 Decollatio
409 757 546 789 Ioannis
570 758 740 799 Baptistae

193 843 371 875 Dedicatio
395 844 552 876 basilicae
578 844 764 877 Salvatoris

194 887 372 918 Dedicatio
395 888 552 919 basilicae
578 888 665 919 Petri
689 894 721 919 et
747 888 841 919 Pauli

194 931 388 971 Dionysius,
414 932 569 962 Rusticus
594 937 625 963 et
649 932 769 962 caeteri

194 975 391 1006 Dominicus

194 1071 361 1102 Exaltatio
385 1076 517 1103 sanctae
542 1072 656 1103 Crucis

195 1115 365 1146 Evaristus

193 1201 361 1232 Fabianus
385 1207 416 1233 et
442 1202 656 1233 Sebastianus

194 1288 286 1319 Felix

192 1331 386 1363 Franciscus

193 1418 370 1450 Gervasius
394 1426 425 1450 et
452 1419 621 1450 Protasius

193 1462 373 1503 Gregorius

194 1549 419 1589 Hieronymus

195 1592 350 1623 Hilarion
371 1593 474 1623 abbas

196 1636 345 1667 Hilarius
368 1636 543 1678 episcopus

192 1734 335 1765 Iacobus
358 1734 529 1776 apostolus

194 1821 319 1862 Iginius

193 1865 344 1905 Ignatius

194 1907 348 1938 Iuventio
374 1908 409 1939 S.
435 1907 550 1939 Crucis

193 1952 337 1982 Ioannes
362 1951 533 1992 apostolus

193 1995 337 2025 Ioannes
361 2000 437 2025 ante
463 2000 591 2035 portam
618 1995 770 2025 Latinam

193 2038 335 2068 Ioannes
360 2038 615 2077 Chrysostomus

193 2082 336 2112 Ioannes
359 2086 390 2112 et
416 2082 536 2113 Paulus

194 2125 315 2166 Ioseph

196 2168 344 2199 Isidorus

195 2212 343 2242 Iulianus
367 2215 399 2242 et
424 2211 538 2242 Eunus

194 2255 339 2286 Iustinus

194 2351 391 2384 Laurentius

194 2397 264 2427 Leo
289 2396 412 2437 primus

194 2441 265 2471 Leo
288 2439 451 2470 secundus

193 2483 297 2514 Linus

193 2528 300 2558 Lucas

195 2570 298 2601 Lucia

194 2613 359 2644 Lucianus

194 2656 315 2688 Lucius
339 2665 426 2696 papa

193 2743 300 2774 Maria
323 2742 364 2772 ad
390 2741 481 2772 nives

194 2785 406 2817 Marcellinus
430 2790 461 2815 et
488 2785 602 2815 Petrus

192 2829 370 2861 Marcellus
394 2833 516 2868 martyr

194 2871 371 2903 Marcellus
395 2882 481 2912 papa

195 2918 327 2947 Marcus
351 2914 553 2955 evangelista

192 2961 324 2991 Marcus
347 2968 433 2999 papa

812 151 1118 183 TERTJARUM
1145 152 1457 183 LECTJONUM.

872 269 1095 300 Mombritius.

871 312 1012 343 Platina.

869 356 1010 387 Platina.

868 400 974 441 Epist.
996 400 1037 430 ad
1055 399 1193 430 Galatas
1214 399 1235 430 i.
1260 411 1287 431 1.

913 443 1150 483 Hieronymus,
1178 453 1249 484 cap.
1274 454 1304 474 v.

1334 401 1411 431 Act.
1430 400 1549 441 Apost.
1571 400 1626 431 xii.
1647 400 1801 441 25—xiii.
1824 411 1872 441 ¹3-

871 529 1108 571 Hieronymus,
1133 540 1204 570 cap.
1234 541 1262 561 v.
1290 535 1322 561 et
1346 531 1422 561 Act.
1448 530 1569 571 Apost.
1593 530 1637 561 ix.
1664 540 1781 571 3—20.

870 573 1001 604 Platina
1024 578 1056 604 et
1079 573 1212 604 caeteri.

871 714 1011 745 Platina.

867 758 947 789 Luc.
973 758 1018 788 iii.
1038 768 1066 794 2,
1090 769 1125 799 33
1152 758 1273 789 Matth.
1301 758 1346 789 iii.
1365 770 1403 798 43
1428 758 1508 789 Luc.
1529 757 1575 789 iii.
1597 766 1655 797 15;
1680 757 1803 789 Matth.
1828 758 1873 788 xi.

912 811 1037 839 2-—113
1063 801 1127 832 xiv.
1145 801 1263 833 6—12.

868 845 1064 876 Anastasius
1088 856 1127 876 ex
1151 845 1219 876 vita
1243 845 1278 877 S.
1305 844 1474 885 Sylvestri.

870 889 998 919 Eadem
1022 889 1121 920 lectio
1149 894 1183 919 ut
1210 889 1242 919 in
1270 889 1377 920 dedic.
1406 888 1499 919 basil.
1530 888 1720 920 Salvatoris.

869 1072 1105 1103 Mombritius?

868 1116 998 1147 I’latina
1021 1122 1053 1147 et
1076 1116 1283 1147 Anastasius.

868 1203 998 1234 Platina
1019 1208 1049 1234 et
1074 1203 1107 1234 S.
1133 1202 1331 1233 Ambrosius
1359 1203 1437 1234 Vita
1459 1204 1494 1234 S.
1521 1202 1650 1235 Sebast.
1679 1213 1752 1245 cap.
1777 1203 1867 1235 xxiii.

868 1246 1000 1321 Pkagssg
1026 1246 1203 1277 Bolland.:
1229 1246 1281 1277 vel
1305 1250 1397 1287 gesta
1421 1246 1510 1287 apud
1536 1246 1678 1278 Surium.

869 1420 906 1494 {i
932 1420 1131 1468 Ambrosius
1156 1420 1189 1450 in
1213 1419 1281 1450 vita
1304 1420 1485 1451 eorundem
1509 1420 1597 1461 apud
1623 1419 1769 1452 Surium.

910 1468 1009 1494 atina.

868 1593 948 1624 Vita
972 1604 990 1624 a
1015 1594 1138 1625 Sancto
1163 1593 1372 1634 Hieronymo
1398 1592 1629 1635 (patrologia).

865 1638 879 1667 ?
904 1638 1105 1668 Fortunatus
1129 1637 1217 1677 apud
1244 1637 1439 1669 Bollandist'.

867 1734 989 1765 Matth.
1016 1734 1059 1764 iv.
1090 1744 1141 1772 21,
1173 1744 1231 1771 22;
1264 1734 1340 1765 xvii.
1372 1745 1397 1765 1.
1749 1735 1872 1766 Matth.

910 1789 962 1808 xx.
983 1788 1022 1809 20
1046 1783 1078 1808 et
1102 1778 1233 1808 caeteri.

867 1821 1006 1852 Platina.

869 1865 1095 1905 Hieronymus
1119 1874 1192 1905 cap.
1217 1864 1281 1895 xvi.

868 1908 999 1938 Platina
1022 1907 1056 1938 in
1080 1908 1159 1938 Vita
1183 1907 1218 1938 S.
1245 1907 1414 1947 Sylvestri.

870 1951 991 1982 Matth.
1017 1951 1058 1982 iv.
1088 1961 1138 1985 21,
1160 1961 1218 1987 22;
1243 1951 1321 1981 xvii.
1343 1961 1370 1981 1.
1418 1951 1498 1982 Luc.
1526 1951 1593 1982 viii.
1621 1960 1656 1992 51
1684 1956 1717 1983 et
1740 1951 1871 1983 caeteri.

866 1995 944 2025 Act.
970 1995 1089 2035 Apost.
1114 1994 1160 2024 iii.
1189 2004 1220 2029 1;
1246 1994 1311 2024 viii.
1341 2004 1378 2034 14
1402 1999 1434 2024 et
1458 1995 1589 2025 caeteri.

868 2038 1004 2069 Simeon
1028 2038 1273 2079 Metaphrastes
1296 2038 1383 2079 apud
1410 2038 1552 2069 Surium.

864 2082 953 2112 Ado.

867 2124 1037 2155 Homiliae
1064 2124 1095 2156 S.
1123 2124 1283 2155 Bernardi
1307 2134 1404 2165 super
1428 2124 1557 2156 lllissus
1579 2129 1633 2161 est,
1662 2136 1710 2156 11.
1740 2135 1789 2167 15,
1819 2124 1866 2157 16.

1448 1735 1530 1765 Luc.
1557 1734 1624 1765 viii.
1650 1744 1700 1775 51·

868 2211 1040 2249 Eusebius,
1069 2211 1127 2242 lib.
1152 2219 1203 2241 VI.
1229 2221 1301 2251 cap.
1327 2211 1414 2241 xxxi.

867 2255 1041 2290 Eusebius,
1067 2255 1123 2285 lib.
1151 2262 1201 2285 VI.
1230 2265 1302 2295 cap.
1328 2254 1393 2285 xvi.

864 2352 1088 2383 Mombritius.

866 2396 1006 2426 Platina.

868 2440 1007 2470 Platina.

865 2482 1005 2513 Platina.

867 2525 1101 2566 Hieronymus,
1129 2535 1201 2566 cap.
1227 2525 1283 2556 vii.

863 2569 1087 2599 Mombritius.

862 2613 1034 2650 Eusebius,
1062 2612 1120 2642 lib.
1146 2619 1227 2642 VIII.
1255 2622 1328 2652 cap.
1354 2611 1419 2642 xiv.
1444 2617 1475 2642 et
1500 2611 1557 2642 lib.
1585 2620 1635 2642 lx.
1661 2623 1734 2653 cap.
1759 2613 1799 2644 vi.

864 2656 1005 2686 Platina.

867 2742 982 2815 {gem
1006 2752 1045 2773 ex
1070 2742 1165 2772 Brev.
1193 2741 1291 2772 Rom.
1315 2741 1391 2772 Vet.

864 2809 874 2815 .
921 2796 951 2816 o.

865 2871 1003 2902 Platina.

866 2915 1099 2955 Hieronymus,
1128 2924 1200 2954 cap.
1225 2914 1293 2944 viii.

865 2958 1003 2988 Platina.
