1981 3248
114 1184 118 1185 ⁷
167 1189 296 1222 natus
338 1183 397 1223 est
440 1198 448 1223 z

909 128 1093 160 IULIUS.

166 218 268 244 vero
299 204 457 244 Paulus
487 203 512 244 a
542 203 694 257 Papho
717 203 865 244 ἰυηξὶο
889 204 963 244 fibi

169 261 372 302 Barnaba
390 261 623 314 multisque
640 262 818 302 vrbibus
841 276 966 315 pera-

166 320 314 370 gratis,
329 333 428 359 cum
446 319 759 371 Ierosolymam
774 320 966 369 venisset,

167 377 332 425 Petrus,
373 377 655 429 Iacobusque,
691 383 735 417 et
775 377 964 417 Ioannes

166 434 365 474 videntes
396 434 585 487 gratiam
618 434 698 482 dei,
729 448 827 487 quae
860 435 965 474 data

167 497 260 531 erat
293 492 342 540 ei,
371 492 552 532 dextras
584 491 800 532 societatis
832 492 965 532 dede-

167 554 268 589 runt
298 549 373 602 ipfi
404 555 446 590 et
473 549 702 598 Barnabae,
723 555 770 589 vt
791 549 836 589 hi
857 563 964 603 gen-

167 606 297 655 tibus,
330 606 407 659 ipsi
438 620 542 647 vero
580 606 822 647 circuncifis
854 621 965 660 prae-

167 664 366 704 dicarent
436 664 726 716 euangelium.
832 665 964 705 Vnde

167 722 378 774 digressus
428 721 659 775 postquam
710 723 964 762 innumeros

116 818 119 821 .
166 778 336 819 labores
365 779 575 828 hausisset,
597 779 823 832 multaque
853 781 964 833 peri-

167 836 265 876 cula
296 837 501 886 euasisset,
531 851 608 890 per
636 838 779 878 varias
811 838 964 878 mundi

166 894 319 947 plagas
344 894 634 936 Christianum
653 895 816 948 dogma
834 895 965 948 longe

167 952 342 1004 lateque
402 953 704 1006 propagando,
761 966 877 993 anno
939 952 965 993 a

167 1009 309 1050 christi
338 1010 528 1063 passione
557 1009 748 1062 xxxvij.
777 1011 851 1063 qui
883 1010 965 1051 suit

167 1067 335 1120 imperij
362 1068 548 1108 Neronis
571 1067 690 1120 xiiij.
713 1069 870 1108 eodem
893 1069 964 1108 die

168 1139 256 1177 quo
281 1126 433 1165 Petrus
456 1139 591 1165 romae
610 1126 820 1178 martyrio
843 1140 964 1166 coro-

491 1183 766 1236 sepultusque
808 1184 851 1223 in
893 1184 966 1224 via

168 1240 360 1289 Ostiensi,
382 1240 455 1281 vbi
477 1240 627 1293 postea
648 1241 729 1281 suit
760 1240 819 1280 illi
843 1255 966 1293 mag-

167 1298 345 1338 nificum
450 1298 667 1351 templum
759 1297 967 1340 erecfftum.

168 1355 344 1408 Scripsit
362 1362 511 1396 autem
530 1354 621 1396 .ix.¹
644 1356 699 1396 ad
723 1356 803 1409 .vij.
828 1356 966 1396 eccle-

167 1413 245 1453 sias
268 1413 480 1466 epistolas.
545 1414 761 1453 Praeterea
792 1415 848 1454 ad
881 1414 964 1454 dis-

167 1471 336 1523 cipulos
359 1471 456 1511 suos
479 1471 776 1516 Timotheum.
796 1472 964 1518 Titum,

166 1535 209 1568 et
233 1528 535 1568 Philemonem
560 1528 642 1580 ,iiij.
667 1530 722 1569 ad
749 1529 966 1569 Hebraeos

371 1599 523 1626 omnes
588 1586 709 1627 simul
781 1600 966 1627 numero

479 1749 643 1792 Oratio.

168 1824 351 1906 DEus,
385 1824 459 1877 qui
497 1824 827 1865 multitudinem
860 1839 965 1878 gen-

285 1883 396 1922 tium
438 1883 555 1922 beati
606 1882 730 1922 Pauli
781 1883 967 1936 apostoli

166 1940 483 1993 praedicatione
512 1940 693 1980 docuisti
719 1954 727 1980 :
755 1941 812 1981 da
841 1941 967 1981 nobis

165 1997 412 2050 quaesumus
453 2011 460 2038 :
503 2003 551 2037 vt
592 1998 712 2038 cuius
764 1999 965 2038 natalitia

166 2055 349 2095 colimus
376 2068 384 2095 :
407 2055 497 2095 eius
520 2056 637 2108 apud
657 2062 700 2096 te
721 2057 965 2108 patrocinia

167 2113 401 2153 sentiamus
425 2128 432 2152 :
455 2126 542 2165 per.

305 2202 345 2242 Α
354 2202 387 2242 d
403 2202 592 2254 vesperas
612 2202 667 2242 H
653 2216 827 2254 ymnus,

262 2276 400 2320 Offlzor
436 2278 610 2331 egregie
649 2277 782 2318 Paule
820 2292 962 2319 mores

291 2336 447 2376 instrue
485 2351 492 2375 :
530 2335 589 2375 Et
627 2342 774 2376 mente
811 2335 962 2388 polum

167 2407 246 2433 nos
297 2393 525 2433 transferre
568 2393 714 2445 satage
757 2408 765 2432 :
808 2393 963 2434 Donec

165 2449 408 2503 perfeetum
427 2450 637 2503 largiatur
653 2450 825 2503 plenius
846 2452 965 2491 Eua-

165 2515 295 2549 cuato
317 2509 434 2561 quod
458 2522 515 2547 ex
538 2514 662 2560 parte
683 2508 887 2561 gerimus.

225 2567 293 2608 Sit
315 2565 499 2606 trinitati
518 2566 781 2619 sempiterna
794 2565 960 2619 gloria:

234 2735 246 2757 ¹
271 2748 294 2769 x
320 2748 327 2770 ι
352 2736 394 2769 R.
418 2735 458 2768 in
484 2739 586 2770 textu
609 2748 621 2769 .·
641 2737 681 2770 in
708 2735 835 2770 labala
858 2747 959 2770 erra-

161 2787 285 2818 torum
303 2786 426 2816 autem
445 2793 457 2815 .·
476 2783 520 2816 ix.

233 2831 246 2851 2
272 2842 316 2862 xv
339 2842 344 2863 :
370 2830 412 2862 R.
434 2829 474 2861 in
500 2833 601 2863 lexlzc
619 2841 630 2863 .·
650 2830 689 2863 in
713 2830 839 2864 tabula
860 2841 959 2863 erm-

163 2882 284 2911 lm‘nm
303 2879 425 2909 aulem
445 2887 456 2908 :
475 2875 534 2909 xiii
536 2875 560 2919 j.

233 2924 245 2944 3
271 2930 357 2957 tunc
382 2934 387 2956 :
410 2923 446 2955 P.
462 2923 504 2956 A.

1757 125 1836 167 139

1037 205 1208 255 Honor,
1232 206 1435 259 potestas,
1471 212 1605 260 atque
1634 208 1835 249 iubilatio

1036 263 1088 302 In
1121 264 1290 303 vnitate
1319 264 1387 304 cui
1420 272 1570 305 manet
1602 267 1833 318 imperium

1035 320 1109 360 Ex
1152 319 1290 360 nunc³
1321 327 1364 361 et
1397 323 1530 362 modo
1562 336 1640 376 per
1670 329 1836 364 aeterna

1035 377 1188 420 secula.
1249 377 1411 420 Amen.

1351 493 1505 534 Iulius.

1034 566 1078 610 61
1131 562 1328 615 Vistmtio
1368 565 1522 605 flsarie
1555 565 1744 619 vzbginis
1778 566 1841 606 ad

1091 621 1313 673 Elisabeth
1330 622 1485 675 duplex
1505 624 1649 664 mains
1668 624 1732 664 ad
1749 626 1835 678 vcs-

1082 686 1225 731 peras,

1321 753 1537 806 Hymnus.

1091 820 1194 863 Aue
1217 823 1347 863 maris
1371 822 1528 865 stella4.

1355 907 1518 950 Oratio.

1039 974 1386 1059 OMnipotens
1419 977 1679 1030 sempiterne
1715 979 1835 1029 deus,

1147 1034 1221 1086 qui
1244 1048 1302 1074 ex
1318 1034 1593 1076 abundantia
1610 1036 1835 1078 charitatis

1034 1090 1211 1131 beatam
1235 1092 1424 1132 Mariam
1447 1098 1525 1133 tuo
1547 1093 1637 1134 filio
1667 1094 1834 1135 foecun-

1034 1149 1186 1188 datam
1206 1150 1260 1189 ad
1280 1149 1585 1191 salutationem
1611 1152 1836 1193 Elisabeth

1034 1205 1243 1258 inspirasti
1269 1220 1277 1247 :
1300 1208 1454 1261 praesta
1484 1209 1733 1261 quaesumus
1759 1224 1767 1251 :
1789 1217 1836 1251 vt

1035 1277 1112 1316 per
1141 1264 1233 1304 eius
1261 1265 1552 1306 visitationem
1587 1268 1716 1308 donis
1748 1282 1836 1309 coe-

1035 1321 1211 1362 lestibus
1231 1322 1480 1375 repleamur
1497 1330 1540 1364 et
1557 1324 1613 1364 ab
1631 1326 1836 1366 omnibus

1035 1379 1369 1421 aduerfitatibus
1431 1395 1636 1422 eruamur
1695 1399 1703 1424 :
1760 1398 1839 1437 per

1035 1437 1238 1479 eundem.

1037 1539 1080 1584 ΕῙ
1107 1536 1190 1577 Ad
1202 1537 1477 1579 vmtutinmssz.
1496 1538 1804 1581 innitatoriztnz
1815 1540 1838 1583 ⁵.

1093 1607 1398 1647 Visitationem
1447 1609 1627 1661 virginis
1681 1610 1835 1651 Mariae

1038 1665 1309 1706 celebremus
1329 1680 1336 1704 :
1356 1665 1572 1706 Christum
1592 1667 1683 1707 eius
1698 1667 1836 1709 filium

1037 1724 1270 1763 adoremus
1293 1723 1534 1764 dominum.

1324 1813 1541 1867 Hymnus.

1096 1887 1135 1928 O
1158 1886 1344 1940 gloriosa
1366 1886 1580 1930 dominat

1054 1993 1200 2034 Leffc’z‘o
1223 1993 1350 2034 tertia
1370 2007 1422 2034 ex
1439 1994 1573 2048 capite
1589 1995 1629 2048 j.
1651 1995 1809 2038 [καί.

1127 2063 1333 2115 Xurgens
1386 2069 1534 2104 autem
1588 2065 1731 2106 Maria
1788 2067 1832 2107 in

1145 2120 1300 2160 diebus
1322 2120 1405 2160 illis
1429 2121 1538 2173 abijt
1557 2122 1599 2162 in
1622 2129 1835 2164 montana

1035 2191 1135 2217 cum
1165 2177 1454 2218 festinatione.
1467 2211 1474 2218 .
1487 2180 1710 2231 ,quoniam
1737 2195 1834 2233 per-

1034 2235 1234 2275 ficientur
1256 2249 1307 2275 ea
1329 2249 1428 2288 quae
1446 2235 1564 2277 dieta
1586 2237 1683 2278 sunt
1705 2239 1784 2279 tibi
1807 2253 1832 2279 a

1034 2292 1226 2333 domino.

1062 2384 1105 2429 fl
1130 2382 1243 2423 Pius
1253 2389 1371 2436 papa
1390 2384 1599 2458 qquessor.
1659 2385 1803 2426 Leaio

1378 2455 1421 2482 ,ει
1465 2474 1472 2482 .

1038 2508 1105 2590 P
1117 2508 1387 2573 Ius-natione
1403 2455 1533 2550 isalus
1548 2511 1690 2563 patria
1708 2512 1831 2565 aqui-

1152 2565 1319 2607 le1ensis
1362 2574 1625 2620 imperatore
1678 2570 1830 2610 Marco

1100 2735 1112 2757 ‘¹
1138 2741 1206 2770 ete.
1225 2736 1308 2771 add.
1331 2738 1373 2771 R.
1420 2744 1487 2773 etc.
1507 2737 1566 2773 fol.
1585 2738 1651 2773 vlt.
1670 2739 1751 2773 add.
1768 2739 1811 2774 A.

1099 2782 1112 2801 '¹
1138 2783 1198 2817 die
1222 2793 1268 2817 .2.
1288 2784 1327 2817 in
1347 2795 1393 2817 m.

1100 2829 1114 2881 ’ἶ
1139 2830 1278 2882 excelsa
1297 2843 1303 2864 :
1319 2831 1402 2866 add.
1419 2833 1456 2866 P.
1491 2837 1529 2866 vt
1544 2832 1649 2877 supra
1666 2844 1672 2866 :
1688 2833 1769 2867 add.
1785 2834 1828 2868 Α.

1105 2884 1110 2896 ¹
1141 2885 1332 2928 1239-43-

1103 2922 1114 2938 ς
1141 2923 1199 2957 dle
1224 2934 1277 2958 11.
1297 2926 1335 2957 in
1356 2936 1402 2958 m.
