1916 3243
822 140 903 180 xxi

89 265 244 306 tissime
281 266 451 318 suscepi,
490 264 612 305 simul
649 270 697 305 vt
733 264 892 318 pastori
935 264 1104 304 summo
1146 264 1436 305 honestissima
1479 265 1632 317 praeci-

90 334 226 387 pienti
261 347 470 387 parerem,
506 333 628 373 simul
662 339 710 374 vt
742 333 860 373 bono
894 332 1071 385 publico
1108 346 1187 385 pro
1224 346 1323 372 mea
1358 332 1469 373 virili
1506 339 1630 386 parte

91 402 303 443 seruirem.
365 402 594 442 Adhibitis
624 401 756 454 igitur
777 401 1036 453 quibusdam
1064 414 1262 441 meorum
1293 401 1629 441 domesticorum

91 471 381 524 prudentibus
404 468 677 510 hominibus1
701 469 916 509 sacrarum
948 468 1183 517 literarum,
1206 474 1250 508 et
1280 469 1493 522 pontificij
1527 469 1630 509 iuris

91 539 292 580 dofftrina
328 540 536 593 praeditis,
574 539 824 591 eisdemque
860 552 1014 591 graece,
1051 544 1094 578 et
1131 539 1266 578 latine
1303 538 1494 586 eruditis,
1527 539 1630 578 dedi

91 622 282 661 operam.
324 622 457 661 quam
499 608 695 647 maxime
732 607 867 660 potui,
899 612 945 647 vt
977 607 1213 646 commode
1256 621 1306 646 ac
1338 621 1396 646 ex
1438 606 1628 646 Vtilitate

92 676 269 729 publica
292 690 383 716 rem
407 676 667 716 conficerem
692 675 734 715 in
758 674 874 715 hunc
897 675 1095 714 maxime
1117 675 1312 715 modum.

180 748 224 792 G]
262 745 435 786 Omissis
469 744 735 797 antiphonis,
764 743 980 796 capitulis,
1010 749 1053 783 et
1088 743 1377 797 responsorijs,
1400 757 1450 784 ac
1480 743 1630 784 multis

93 814 281 866 hymnis,
307 814 559 867 caeterisque
586 814 629 854 id
658 827 797 866 genus
827 813 956 853 rebus
986 813 1207 865 scripturae
1238 813 1366 853 sacrae
1395 811 1627 853 lectionem

94 883 449 935 impedientibus,
490 883 756 923 breuiarium
799 881 967 922 constat
1010 896 1068 922 ex
1111 881 1288 934 psalmis
1330 887 1373 921 et
1422 881 1631 934 scriptura

94 951 210 991 sacra
241 952 409 1000 veteris,
439 957 482 992 et
511 951 614 991 noui
644 950 905 1000 testamenti,
934 957 978 991 et
1012 948 1259 990 sanctorum
1294 949 1491 1001 historijs,
1521 963 1631 1002 quas

94 1033 151 1059 ex
181 1020 390 1072 probatis,
416 1026 459 1060 et
487 1020 696 1073 grauibus
728 1017 980 1059 au&oribus
1012 1019 1166 1071 graecis
1199 1025 1242 1059 et
1274 1018 1421 1059 latinis
1453 1019 1631 1071 decerp-

94 1088 234 1137 simus,
276 1088 538 1142 easdemque
584 1087 679 1128 stilo
720 1087 853 1140 paulo
896 1088 1075 1140 quidem
1118 1087 1300 1127 cultiore
1346 1102 1432 1128 non
1481 1094 1629 1128 tamen

94 1157 242 1198 fucato
276 1172 493 1199 exornare
526 1159 787 1198 curauimus.
850 1155 1010 1197 Reliffi
1045 1156 1142 1196 sunt
1178 1157 1311 1196 etiam
1350 1171 1407 1196 ex
1441 1156 1632 1209 hymnis,

95 1228 169 1280 qui
193 1227 429 1280 plurimum
453 1228 652 1267 omnium
683 1226 857 1275 habere,
880 1226 953 1266 visi
984 1225 1081 1265 sunt
1109 1223 1394 1273 auctoritatis,
1417 1231 1460 1265 et
1489 1226 1632 1278 graui-

93 1296 207 1335 tatis.
272 1295 427 1335 Psalmi
460 1295 555 1335 sunt
589 1295 649 1335 ita
685 1294 913 1344 distributi,
945 1299 1117 1333 retento
1155 1299 1372 1346 quatenus
1409 1293 1530 1334 licuit
1562 1307 1633 1333 ve-

93 1369 235 1403 terum
268 1371 444 1417 patrum
482 1365 690 1413 instituto,
722 1369 769 1404 vt
806 1377 961 1403 omnes
998 1362 1280 1415 perlegantur
1315 1362 1490 1415 fingulis
1527 1362 1632 1403 heb-

94 1432 298 1471 domadis
335 1432 470 1472 totius
507 1432 624 1481 anni,
660 1431 771 1470 terni
809 1430 985 1482 fingulis
1024 1429 1154 1477 horis,
1187 1430 1314 1469 Vnius
1357 1430 1633 1483 longitudine

94 1514 193 1540 cum
229 1500 407 1540 alterius
446 1500 663 1540 breuitate
700 1499 753 1539 sic
786 1498 1079 1551 compensata,
1110 1505 1157 1538 vt
1188 1498 1312 1538 labor
1352 1498 1526 1551 legendi
1568 1499 1632 1538 di-

93 1583 227 1609 urnus
259 1583 338 1622 par
369 1569 692 1622 propemodum
726 1568 773 1608 fit
805 1574 900 1608 tota
932 1567 1224 1616 hebdomada,
1248 1573 1291 1607 et
1322 1568 1505 1620 perinde
1536 1574 1633 1608 toto

92 1652 220 1679 anno.

181 1711 225 1755 ΙΙ
259 1707 391 1760 Quod
414 1708 605 1761 pertinet
627 1707 683 1747 ad
706 1713 913 1747 caeteram
937 1706 1192 1759 scripturam
1216 1705 1394 1753 sacram,
1416 1719 1473 1745 ex
1496 1707 1631 1746 veteri

94 1777 356 1818 testamento
393 1776 678 1830 perleguntur
714 1775 930 1824 Vtilissimi,
968 1781 1012 1815 et
1048 1775 1281 1827 grauissimi
1319 1775 1481 1827 quique
1523 1775 1631 1815 libri.

96 1848 169 1887 Ex
206 1860 323 1887 nouo
365 1852 514 1886 autem
557 1845 664 1885 nihil
706 1845 1067 1898 praetermittitur,
1102 1851 1263 1897 praeter
1302 1844 1632 1897 Apocalypfim‚

94 1915 215 1954 cuius
248 1914 511 1967 principium
543 1920 717 1953 tantum
750 1913 909 1965 legitur
940 1912 1045 1965 quin
1082 1911 1230 1964 potius
1267 1911 1458 1964 epistolae
1497 1912 1631 1961 Pauli,

94 1996 194 2023 cum
229 1983 462 2030 canonicis,
496 1987 539 2022 et
573 1979 681 2021 actis
717 1980 1012 2034 apostolorum
1048 1986 1312 2032 repetuntur.
1376 1979 1450 2019 Ex
1484 1978 1632 2021 16810-

95 2052 223 2092 nibus
258 2052 375 2091 enim
410 2052 555 2099 ternis,
586 2065 684 2104 quae
719 2051 894 2103 fingulis
928 2050 1082 2090 diebus
1116 2051 1251 2089 totius
1285 2051 1387 2090 anni
1417 2050 1633 2103 leguntur,

95 2121 236 2174 prima
266 2121 325 2161 est
354 2135 410 2161 ex
442 2122 577 2161 veteri
608 2120 884 2167 testamento,
911 2120 1098 2160 secunda
1127 2133 1185 2159 ex
1216 2133 1343 2168 nouo,
1373 2133 1459 2172 qua
1487 2126 1630 2160 totum

95 2190 233 2243 ipsum
276 2190 489 2243 (dempta,
523 2196 570 2230 vt
611 2191 821 2238 diximus,
860 2195 983 2242 parte
1027 2188 1339 2242 Apocalypsis)
1380 2189 1631 2238 absoluitur‚

95 2259 224 2299 tertia
261 2272 318 2298 ex
356 2259 531 2298 historia
569 2257 714 2308 san&i,
750 2259 776 2298 s1
814 2259 936 2298 cuius
974 2258 1127 2298 festum
1162 2258 1417 2306 celebratur,
1450 2259 1568 2310 quod
1603 2258 1630 2297 fi

97 2327 266 2367 nullum
308 2327 446 2376 fuerit,
483 2327 778 2380 apostolorum
813 2326 923 2375 acta,
958 2333 1001 2366 et
1038 2326 1230 2379 epistolae
1272 2327 1401 2366 tertia
1442 2325 1631 2367 lectione

97 2403 354 2450 repetuntur
376 2397 529 2437 ordine
551 2403 705 2437 notato
728 2397 771 2436 in
794 2396 1056 2436 calendario.

185 2468 228 2512 (l
267 2466 450 2518 Propter
484 2465 818 2505 inconstantiam
855 2465 1066 2517 temporis
1104 2463 1332 2516 paschatis,
1366 2470 1410 2504 et
1446 2464 1630 2505 aliorum

98 2533 314 2582 festorum,
346 2547 445 2586 quae
478 2533 659 2573 mobilia
691 2534 906 2581 dicuntur,
940 2532 1030 2572 fieri
1064 2546 1151 2572 non
1189 2533 1344 2585 potuit,
1377 2538 1423 2572 vt
1460 2533 1630 2585 regulas

97 2602 278 2641 omnino
301 2602 550 2650 vitaremus,
568 2615 752 2653 quarum
776 2606 868 2640 tam
893 2601 1072 2653 plenum
1097 2607 1189 2640 erat
1212 2601 1330 2653 prius
1352 2601 1630 2648 breuiarium,

97 2676 144 2710 vt
174 2670 249 2709 vix
281 2676 389 2709 zetas
421 2669 611 2709 hominis
644 2670 700 2709 ad
733 2683 882 2709 earum
916 2670 1130 2709 rationem
1161 2668 1490 2721 perdiscendam
1522 2670 1632 2709 suffi-

98 2744 225 2784 ceret,
259 2738 329 2778 sed
363 2752 441 2777 nos
474 2744 565 2778 tam
599 2752 726 2786 raras,
760 2744 803 2777 et
837 2737 1084 2791 perspicuas
1122 2738 1294 2791 regulas
1332 2738 1633 2791 disposui1nuS‚

98 2812 143 2846 vt
167 2819 240 2846 eas
264 2807 400 2846 cuiuis
423 2806 549 2846 facile
573 2807 619 2846 slt
644 2806 896 2858 intelligere.

707 2942 714 2961 ³
744 2944 956 2978 nominibus
981 2945 1048 2978 :A
