1981 3248
845 165 1016 198 MMCS.

101 245 249 293 Terra,
303 251 477 298 pontu&
520 244 642 292 astra,
696 244 899 290 mundus,

102 303 204 356 Quo
226 303 430 343 lauantur
453 302 642 342 flumine.

161 360 283 401 Crux
298 360 440 400 fidelis
456 360 569 399 inter
583 372 736 399 omnes
752 358 901 398 Arbor

100 431 187 457 vna
219 418 377 458 nobilis
406 433 413 456 :
443 417 578 457 Nulla
611 417 732 469 sylua
764 416 899 456 talem

101 475 266 528 profert
290 475 477 522 Fronde,
502 474 642 523 Flore,
665 474 874 515 Germine
893 489 901 514 :

103 532 245 573 Dulce
300 532 481 585 lignum,
535 532 685 572 dulces
738 531 900 579 clauos,

103 590 246 630 Dulce
267 590 442 642 pondus
465 589 653 629 sustinet.

98 687 101 689 ,
162 646 313 688 ΡΙεᾶε
331 661 476 687 ramos
493 647 623 687 arbor
640 646 741 694 alta,
756 646 899 686 Tensa

102 705 208 745 laxa
236 705 396 745 viscera
420 720 427 745 :
457 705 516 744 Et
546 705 662 757 rigor
690 703 901 744 lentescat

103 763 186 811 ille,
224 762 370 815 Quem
407 763 530 802 dedit
567 762 775 802 natiuitas
814 775 822 802 :
855 767 901 801 vt

102 820 272 873 superni
288 820 486 860 membra
500 821 613 872 regis
630 820 729 860 Miti
745 820 901 860 tendas

105 878 261 930 stipite.

161 935 266 976 Sola
288 936 423 987 digna
445 941 492 975 tu
516 935 629 975 fuisti
655 935 785 975 Ferre
804 934 900 975 secli

103 993 296 1046 precium
322 1009 329 1033 :
350 993 504 1046 Atque
532 1000 708 1046 portum
732 1006 900 1045 praepa-

104 1065 198 1090 rare
240 1051 391 1091 Nauta
432 1052 600 1091 mundo
638 1050 851 1102 naufrago
891 1064 899 1090 :

104 1107 250 1161 Quem
267 1109 382 1148 sacer
397 1123 522 1148 cruor
537 1108 748 1162 perunxit
764 1107 902 1148 Fusus

104 1167 208 1219 agni
232 1180 424 1219 corpore.

163 1224 324 1273 Gloria,
340 1230 381 1264 et
405 1224 546 1264 honor
567 1223 650 1263 deo
664 1223 902 1276 Vsquequo

105 1281 316 1322 altissimo.
407 1282 508 1321 Vna
554 1281 679 1333 patri,
724 1281 902 1333 filioque

106 1339 280 1392 Inclyto
303 1339 526 1392 paracleto
549 1339 631 1380 Cui
655 1339 749 1378 laus
772 1338 842 1387 est,
860 1345 903 1378 et

105 1397 299 1449 potestas
352 1398 433 1437 Per
485 1396 697 1436 immensa
749 1396 900 1436 secula.

107 1454 271 1494 Amen.

353 1590 498 1630 [ει-Ἧι)
520 1589 657 1630 semia.

213 1679 354 1719 Elena
416 1679 696 1721 Constantini
764 1684 905 1719 mater

234 1737 389 1777 mulier
420 1737 630 1790 religione
662 1742 705 1777 et
738 1737 904 1789 pietate

106 1794 270 1846 insigni,
306 1795 554 1834 diuinarum
588 1808 731 1834 rerum
763 1794 904 1834 studio

105 1850 406 1905 noeturnoque
443 1852 531 1892 visu
575 1852 759 1905 impulsa
796 1852 903 1892 iero-

105 1909 317 1963 solymam
358 1924 410 1950 eo
453 1910 629 1949 nomine
677 1909 816 1962 petijt‚
858 1917 904 1949 vt

105 1968 375 2007 dominicam
443 1973 657 2020 quaereret
718 1981 903 2014 crucem,

107 2024 224 2065 vnde
252 2025 447 2065 humana
476 2025 587 2065 salus
620 2025 902 2077 pependisset.

106 2082 196 2122 Vbi
220 2089 368 2122 autem
398 2083 493 2122 haec
521 2083 684 2122 defossa
713 2089 819 2130 erat,
845 2083 902 2122 ibi

107 2153 164 2179 ex
183 2140 391 2180 industria
409 2140 549 2180 fuerat
567 2141 738 2180 veneris
761 2140 903 2179 simul-

109 2197 288 2237 achrum
331 2197 614 2237 constitutum
658 2198 712 2237 ab
756 2197 903 2250 impijs

107 2254 209 2294 fidei
261 2254 621 2307 persecutoribus,
674 2261 720 2295 vt
771 2269 902 2294 omne

107 2312 340 2352 dominicae
355 2313 902 2364 pasfionismonumentum

109 2369 368 2410 aboleretur.
402 2369 459 2409 Et
477 2370 502 2409 si
519 2370 613 2422 quis
635 2369 903 2411 Christianus

110 2441 161 2467 eo
194 2427 290 2467 loco
325 2427 540 2468 Christum
573 2427 789 2477 adoraret,
816 2427 902 2467 Ve-

109 2498 256 2524 nerem
287 2483 528 2524 videretur¹
552 2485 745 2525 adorare.
808 2485 904 2526 Cae-

107 2548 250 2582 terum
289 2542 545 2582 simulachro
582 2542 683 2582 inde
720 2541 902 2591 demeto,

110 2599 295 2652 locoque
314 2600 541 2639 ruderibus
560 2605 760 2652 purgato,
780 2600 902 2641 Crux

110 2663 281 2709 reperta
303 2656 362 2697 est
382 2673 388 2697 :
421 2663 463 2697 et
485 2671 586 2697 cum
610 2672 660 2697 ea
683 2658 781 2697 duae
805 2658 901 2697 alia:

109 2713 328 2761 subrutae2,
348 2715 462 2755 vnde
488 2714 575 2754 duo
599 2716 902 2767 pependerant

179 2861 187 2881 ¹
216 2861 426 2895 viderentur
451 2874 456 2895 :
478 2863 513 2895 Ρ.

178 2909 190 2928 '-¹
217 2908 360 2942 subrate
385 2921 390 2941 :
414 2910 450 2941 Ι).

175 2955 187 2973 ³
215 2955 273 2987 (lie
292 2964 356 2988 .22.
379 2956 417 2988 ist
437 2967 481 2989 m.
507 2957 545 2989 V.

229 3022 263 3052 13.
282 3022 326 3053 N.

1693 163 1771 203 129

973 242 1176 282 latrones,
1211 242 1299 284 Sed
1329 242 1597 282 obturbabat
1626 255 1767 295 reper-

972 301 1004 340 ti
1028 300 1219 339 muneris
1249 298 1473 339 laetitiam³
1506 299 1768 340 vniuscuius-

972 371 1057 409 que
1086 358 1224 397 crucis
1254 357 1484 397 indiscreta
1513 358 1768 409 proprietas.

972 414 1145 454 Aderat
1187 415 1365 467 quidem
1410 421 1453 455 et
1489 414 1643 454 titulus
1686 413 1770 461 ille,

972 472 1046 524 qui
1075 472 1289 520 hebraice,
1324 486 1478 525 graece,
1510 478 1553 512 et
1584 472 1720 511 latine
1746 470 1770 510 a

973 529 1116 570 Pilato
1138 529 1279 569 fuerat
1302 529 1580 582 conscriptus,
1600 529 1671 569 sed
1691 542 1770 568 nec

970 586 1059 639 ipse
1120 587 1220 627 satis
1273 587 1499 627 euidenter
1559 587 1769 627 dominici

970 644 1187 697 prodebat
1209 644 1327 697 signa
1350 644 1548 698 patibuli.
1604 644 1770 684 Diuino

972 708 1119 742 autem
1151 701 1363 742 miraculo
1393 716 1501 742 mox
1526 701 1769 749 consecuto,

972 760 1116 799 omnis
1159 759 1330 812 prorsus
1368 760 1637 813 ambiguitas
1674 759 1770 799 sub-

973 817 1063 857 lata
1105 817 1175 858 est.
1238 817 1351 858 Cum
1390 818 1507 857 enim
1548 817 1770 857 Macarius

974 874 1365 927 lerosolymitanus
1404 875 1630 927 episcopus
1669 874 1769 914 fusis

972 932 1028 971 ad
1051 933 1183 972 deum
1202 933 1405 985 precibus
1422 939 1469 973 vt
1485 933 1527 972 id
1545 931 1770 979 reuelaret,

971 989 1125 1030 frustra
1147 990 1256 1030 duas
1280 990 1415 1030 nobili
1434 990 1609 1030 cuidam
1629 989 1770 1029 foemi—

973 1061 1041 1087 nae
1079 1047 1212 1101 longa
1253 1048 1514 1101 aegritudine
1557 1046 1769 1087 confec‘tae

973 1111 1017 1145 et
1054 1105 1140 1145 iam
1178 1119 1316 1158 prope
1357 1101 1577 1145 defunctae
1615 1106 1770 1145 admo-

975 1162 1119 1203 uisset4
1156 1179 1163 1203 :
1202 1164 1384 1203 admota
1422 1164 1553 1203 tertia
1590 1169 1772 1215 repente

974 1221 1197 1273 adapertis
1234 1220 1370 1261 oculis
1408 1220 1564 1260 mulier
1597 1221 1770 1260 consur-

974 1279 1101 1327 rexit,
1144 1285 1186 1319 et
1229 1278 1465 1319 stabilitate
1506 1279 1661 1318 virium
1706 1292 1770 1317 re-

975 1342 1105 1388 cepta
1172 1336 1357 1376 alacrior
1425 1335 1565 1376 multo
1633 1349 1767 1388 quam

973 1407 1074 1433 cum
1126 1393 1228 1434 sana
1279 1394 1430 1443 suerat,
1489 1400 1583 1434 tota
1634 1394 1769 1433 domo

974 1451 1219 1500 discurrere,
1262 1458 1305 1491 et
1362 1451 1646 1503 magnificare
1697 1451 1768 1490 dei

973 1510 1218 1561 potentiam
1242 1509 1387 1561 coepit.
1444 1509 1617 1549 Helena
1640 1508 1770 1561 igitur

975 1567 1168 1607 euidenti
1216 1565 1398 1607 indicio⁵
1448 1567 1539 1607 voti
1587 1580 1769 1618 compos

975 1621 1422 1677 fa&a,templum‚vbi
1439 1638 1610 1665 crucem
1627 1638 1770 1676 reper-

974 1688 1068 1722 erat
1092 1696 1099 1722 :
1124 1682 1355 1734 magnifice
1377 1681 1634 1722 construxit.
1682 1682 1769 1721 Ibi-

974 1753 1060 1792 que
1082 1745 1252 1792 partem
1275 1740 1412 1780 crucis
1436 1739 1610 1792 reliquit
1631 1739 1770 1779 thecis

973 1798 1194 1849 argenteis
1216 1797 1464 1837 conclusam
1487 1803 1658 1850 partem
1682 1797 1770 1836 filio

973 1854 1142 1894 detulit.
1195 1855 1330 1896 Cuius
1353 1868 1453 1907 pars
1476 1854 1624 1907 postea
1646 1868 1770 1907 repo-

973 1912 1049 1951 fita
1071 1912 1152 1952 fuit
1176 1913 1333 1952 Romae
1357 1914 1399 1952 in
1417 1914 1513 1952 aede
1531 1911 1771 1960 sessoriana‚

973 1983 1071 2022 quae
1096 1967 1271 2011 Sanctae
1295 1971 1432 2010 crucis
1460 1971 1501 2010 in
1536 1969 1770 2009 Ierusalem

974 2034 1228 2080 nuncupata
1270 2028 1341 2068 est.
1426 2028 1595 2068 Attulit
1637 2027 1771 2068 etiam

973 2085 1122 2125 clauos
1145 2092 1245 2134 tres,
1263 2085 1421 2138 quibus
1440 2085 1594 2126 Christi
1614 2099 1772 2137 corpus

973 2142 1113 2182 fuerat
1155 2143 1349 2183 affixum.
1440 2142 1641 2196 Quorum
1685 2157 1771 2182 vno

975 2199 1287 2240 Constantinus
1340 2214 1419 2253 pro
1478 2199 1672 2240 amuleto
1726 2201 1768 2239 in

974 2271 1085 2297 cono
1117 2257 1255 2309 galeae
1287 2258 1385 2298 Vsus
1428 2257 1498 2298 est.
1561 2257 1769 2297 Alterum

973 2315 1130 2354 deiecit
1160 2316 1203 2354 in
1234 2329 1353 2355 mare
1386 2316 1440 2355 ad
1472 2315 1636 2355 foedam
1660 2321 1772 2355 tem-

973 2372 1186 2424 pestatem
1209 2373 1588 2424 compescendam.
1652 2373 1771 2412 Reli-

973 2443 1110 2481 quum
1163 2430 1337 2470 inseruit
1395 2429 1618 2469 bellatoris
1670 2431 1769 2483 equi

973 2487 1106 2535 freno,
1140 2494 1334 2527 veterem
1370 2487 1652 2540 prophetiam
1695 2489 1771 2528 ad-

975 2544 1172 2597 implens,
1203 2545 1307 2584 olim
1331 2545 1447 2584 enim
1472 2545 1525 2584 sic
1549 2544 1772 2585 zacharias

974 2602 1189 2654 propheta
1219 2602 1498 2651 clamauerat,
1523 2602 1619 2642 Erit
1651 2603 1770 2655 quod

975 2659 1100 2712 super
1135 2659 1305 2700 frenum
1343 2660 1441 2712 equi
1478 2660 1537 2700 est
1575 2659 1770 2700 sanetum

974 2717 1166 2757 domino.
1209 2717 1295 2769 Qui
1312 2717 1611 2757 constantinus
1628 2717 1771 2770 legem

1045 2863 1054 2883 ²
1081 2864 1321 2898 admonuisset
1347 2865 1415 2898 1A.

1086 2911 1219 2944 iudicio
1245 2924 1250 2944 :
1275 2913 1310 2944 Ρ.

1631 3029 1657 3065 9
