1981 3248
165 186 217 216 22
614 189 868 221 DOMJNJCA
904 189 1064 220 PRIMA
1098 188 1387 221 ADUENTUS.

163 267 244 308 erit
259 266 374 307 enirn
392 279 579 319 magnus
594 279 741 306 coram
757 265 940 306 domino
960 280 967 304 :

164 330 209 365 et
241 325 391 365 vinum
424 330 468 365 et
500 324 676 364 siceram
710 337 799 363 non
831 323 965 363 bibet.

164 389 208 423 et
230 382 380 436 spiritu
401 379 549 422 saneto
566 381 805 435 replebitur
822 381 966 421 adhuc

165 455 223 480 ex
246 446 370 481 vtero
394 440 546 480 matris
569 439 654 479 suae
688 454 696 480 :
731 445 774 479 et
804 438 967 479 multos

166 498 355 538 filiorum
384 497 515 538 Israel
545 502 775 537 conuertet
804 497 860 537 ad
890 496 967 536 do-

167 556 336 596 minum
378 556 511 596 deum
549 555 752 608 ipsorum.
794 560 838 595 et
880 554 969 607 ipse

166 613 388 667 praecedet
410 619 513 654 ante
536 613 656 653 illum
681 613 724 653 in
747 612 909 665 spiritu,
926 618 970 652 et

165 672 327 712 virtute
350 671 461 712 Eliae
486 686 493 711 :
518 677 566 711 vt
584 676 814 711 conuertat
836 670 969 710 corda

167 736 343 783 patrum
367 730 410 769 in
434 729 558 776 filios,
576 735 618 769 et
642 728 890 769 incredulos
913 728 968 768 ad

167 788 448 841 prudentiam
472 786 692 836 iustorum,
713 800 868 839 parare
891 786 970 826 do-

167 846 288 885 mino
303 845 478 898 plebem
493 843 746 898 perfe5tam.
782 845 840 885 Et
854 844 971 884 dixit

168 903 392 943 zacharias
414 903 470 943 ad
493 902 713 955 angelum,
731 902 865 943 Vnde
886 902 970 942 hoc

168 961 325 1001 sciam?
357 975 441 1014 ego
473 961 591 1001 enim
619 960 711 1001 sum
739 959 872 1000 senex
896 975 903 1000 :
926 966 970 1000 et

167 1032 280 1059 vxor
302 1032 401 1059 mea
418 1019 616 1071 processit
638 1019 681 1058 in
702 1019 858 1058 diebus
875 1018 970 1058 suis.

169 1077 230 1117 Et
260 1077 526 1129 respondens
559 1076 754 1130 angelus,
776 1077 892 1116 dixit
918 1076 968 1116 ei.

170 1135 270 1188 Ego
303 1135 394 1174 sum
428 1134 607 1175 Gabriel
640 1134 714 1187 qui
744 1134 835 1174 asto
867 1140 970 1174 ante

169 1193 301 1233 deum
328 1206 337 1233 :
360 1199 403 1233 et
426 1192 573 1232 missus
591 1192 682 1232 sum
701 1192 821 1245 loqui
840 1193 895 1233 ad
914 1198 971 1241 te,

167 1257 211 1291 et
247 1250 342 1290 haec
376 1250 456 1290 tibi
489 1249 826 1303 euangelizare¹.
889 1249 971 1290 Et²

168 1322 279 1355 ecce,
303 1308 386 1349 eris
415 1314 566 1348 tacens
601 1315 645 1348 et
679 1322 767 1348 non
805 1308 971 1361 poteris

167 1366 288 1419 loqui
329 1366 461 1419 Vsque
503 1366 546 1406 in
588 1366 705 1406 diem
748 1380 836 1419 quo
878 1365 972 1405 haec

168 1424 276 1464 fiant
300 1439 307 1464 :
332 1438 411 1477 pro
434 1438 486 1464 eo
508 1424 626 1477 quod
648 1438 735 1464 non
754 1423 971 1464 credidisti

167 1482 310 1522 verbis
334 1482 453 1530 meis,
475 1496 574 1535 quae
598 1482 900 1535 implebuntur
928 1482 971 1521 in

168 1546 368 1592 tempore
391 1540 476 1580 suo.
538 1541 598 1581 Et
621 1547 714 1580 erat
739 1540 864 1593 plebs
893 1554 972 1580 ex-

168 1595 351 1651 pecfftans
393 1598 640 1639 zachariam
694 1613 702 1639 z
748 1604 792 1639 et
842 1598 972 1638 mira-

169 1657 331 1696 bantur
370 1657 489 1710 quod
538 1657 735 1697 tardaret
787 1656 875 1709 ipse
927 1657 969 1695 in

168 1714 347 1767 templo
426 1714 630 1767 Egressus
681 1720 830 1754 autem
883 1728 971 1754 non

168 1778 343 1824 poterat
361 1771 481 1824 loqui
508 1773 563 1812 ad
589 1772 685 1812 illos
713 1788 720 1813 :
742 1779 785 1812 et
808 1786 971 1825 cogno-

169 1836 326 1870 uerunt
355 1830 473 1883 quod
496 1830 704 1870 visionem
727 1830 897 1870 vidisset
927 1830 968 1870 in

168 1888 348 1940 templo.
419 1889 478 1928 Et
520 1887 607 1940 ipse
649 1894 742 1928 erat
785 1888 970 1928 innuens

170 1945 252 1985 illis
291 1961 299 1986 :
336 1951 379 1986 et
417 1945 652 1998 permanslt
689 1952 848 1986 mutus.
913 1946 971 1985 Et

170 2001 333 2043 [36111111
357 2003 417 2044 est
447 2019 454 2043 :
484 2010 531 2044 vt
562 2003 730 2056 impleti
758 2003 855 2044 sunt
878 2004 971 2044 dies

169 2061 298 2114 officij
322 2062 425 2109 eius,
445 2061 554 2114 abijt
577 2062 619 2101 in
638 2062 821 2102 domum
840 2061 969 2102 suam.

170 2119 268 2159 Post
308 2118 388 2159 hos
435 2126 583 2159 autem
630 2120 724 2159 dies
770 2120 973 2172 concepit

170 2177 395 2217 Elisabeth
419 2191 532 2217 vxor
554 2177 645 2217 eius
678 2190 686 2217 :
715 2183 758 2218 et
781 2177 972 2218 occulta-

169 2235 245 2275 bat
275 2235 315 2275 se
342 2234 559 2275 mensibus
582 2235 788 2288 quinque,
811 2236 972 2283 dicens,

171 2292 288 2345 Quia
323 2292 377 2333 sic
412 2293 513 2333 fecit
548 2293 653 2332 mihi
688 2294 893 2333 dominus
928 2294 971 2333 in

169 2351 325 2391 diebus
365 2351 525 2404 quibus
566 2351 758 2404 respexit
803 2352 972 2392 auferre

169 2409 455 2462 opprobrium
513 2422 660 2450 meum
719 2410 833 2449 inter
895 2410 973 2450 ho-

172 2468 323 2507 mines.

229 2524 298 2564 Tu
321 2530 469 2564 autem
493 2522 703 2566 domine³.
727 2524 933 2577 vtfilpra.

241 2581 285 2622 V.
335 2583 444 2622 Iube
461 2580 670 2623 domine³.
707 2583 795 2623 Ad.
819 2583 973 2635 z'ij.lec-

172 2639 338 2688 tionem,
362 2640 407 2692 st
442 2654 524 2680 72072
549 2640 699 2692 fucrit
731 2641 783 2681 de
810 2641 973 2692 fimf-2²0,

170 2697 340 2738 dicitur.
432 2698 684 2739 Benedictio.
782 2698 973 2752 Spiritus

242 2803 254 2824 1
280 2803 562 2846 auangelizare:
591 2805 629 2838 P.

240 2849 253 2871 2
279 2858 314 2884 et
334 2862 340 2884 :
365 2851 464 2884 omit.
488 2851 526 2883 Ρ.

242 2897 255 2918 3
281 2904 349 2931 etc.
370 2910 376 2932 :
403 2898 485 2930 aas.
510 2898 553 2930 R.
575 2898 611 2931 P.
634 2898 677 2930 A.

240 2944 252 2964 4
280 2945 318 2977 izi
338 2956 385 2978 m.
404 2944 449 2978 fo.
472 2945 526 2988 58.
562 2945 647 2978 wilc
665 2957 697 2990 p.
724 2955 772 2987 14.

242 2991 254 3012 ὖ
280 2992 364 3024 vide
382 3003 414 3035 p.
440 3001 465 3024 1.

1038 262 1170 305 [3116ὶί
1201 265 1344 318 gratia
1374 264 1592 306 illuminet
1621 263 1776 315 sensus,
1798 271 1842 306 et

1037 323 1173 363 corda
1214 322 1369 363 nostra.
1440 324 1496 364 R.
1549 323 1712 364 Amen.
1787 323 1845 363 Si

1035 387 1179 421 autem
1190 380 1340 433 fuerit
1352 380 1403 421 a'e
1411 381 1666 432 sa7zc‘to‚aut
1674 381 1844 433 sanastis

1037 438 1207 479 dicitnr.
1266 438 1519 479 Benedz'aio.
1591 439 1728 479 Cuius
1779 439 1849 479 vel

1038 509 1225 549 quorum
1249 496 1319 536 vel
1338 510 1524 549 quarum
1554 496 1708 536 festum
1738 496 1843 536 coli-

1040 567 1148 602 mus,
1172 553 1260 606 ipse
1282 555 1351 594 vel
1368 554 1458 606 ipsa
1475 554 1545 594 vel
1562 554 1635 607 ipfi
1655 555 1724 594 vel
1741 554 1842 607 ipsae

1040 612 1284 652 intercedat
1329 612 1399 652 vel
1440 612 1716 652 intercedant
1762 626 1842 665 pro

1039 669 1166 710 nobis
1196 670 1252 710 ad
1283 669 1525 711 dominum.
1584 670 1639 710 R.
1680 669 1842 710 Amen.

1040 727 1095 767 ln
1115 727 1313 779 sabbatis
1334 741 1431 767 vero
1459 727 1506 768 in
1534 727 1688 780 quibus
1705 728 1771 781 fit
1795 727 1847 767 de

1040 785 1160 826 beata
1201 785 1373 838 vagina
1409 785 1572 826 dicitur
1605 785 1843 827 benediaz'o.

1042 844 1123 883 Per
1155 843 1371 896 virginem
1406 850 1594 884 matrem
1628 844 1845 884 concedat

1040 901 1167 942 nobis
1185 902 1391 942 dominus
1406 901 1600 950 salutem,
1616 906 1659 941 et
1673 914 1841 954 pacem.

1037 960 1093 1000 R.
1135 959 1297 1000 Amen.
1361 959 1593 1001 Sciendum
1615 959 1844 1013 estantem,

1039 1017 1159 1070 qnod.
1170 1017 1230 1070 iij.
1240 1017 1358 1058 latio
1368 1017 1411 1057 in
1420 1017 1564 1057 triduo
1571 1017 1843 1069 antepasclta,

1039 1075 1210 1129 etfestis
1222 1075 1391 1115 domiai
1402 1075 1628 1116 mobilibus
1634 1076 1710 1128 asst
1704 1081 1846 1128 gnata

1037 1133 1097 1187 est
1123 1133 1168 1174 2‘72
1199 1133 1273 1173 laec
1301 1133 1554 1173 dominicali
1583 1133 1628 1173 in
1654 1132 1848 1186 proprijs

1039 1191 1147 1232 locis.
1208 1192 1271 1231 Et
1290 1205 1383 1243 qaoe
1401 1191 1564 1232 dicitur
1583 1191 1628 1231 in
1648 1190 1846 1243 sabbatis

1039 1249 1090 1289 de
1111 1250 1230 1290 beata
1252 1249 1421 1302 virgine
1443 1249 1686 1289 inuenietur
1708 1249 1752 1289 in
1780 1248 1845 1301 of-

1028 1307 1134 1361 ficio
1154 1307 1287 1347 eidem
1313 1307 1518 1360 assignato
1536 1314 1619 1360 pro
1638 1306 1846 1359 sabbatis,

1042 1365 1202 1418 reliqna
1218 1371 1360 1405 antem
1374 1365 1485 1405 almi
1498 1364 1850 1417 tmnparest‘mper

1031 1423 1215 1476 petenda
1235 1423 1294 1476 est
1309 1436 1360 1463 ex
1377 1423 1629 1464 calendario.
1680 1422 1847 1463 Finitis

1043 1482 1181 1522 tribus
1216 1481 1462 1521 lechouibns
1489 1487 1571 1533 per
1601 1487 1735 1521 totum
1768 1480 1845 1520 ad-

1042 1546 1215 1579 uentum
1239 1539 1284 1579 in
1305 1538 1541 1587 dominicis,
1564 1545 1605 1579 et
1622 1538 1760 1591 serzjs
1779 1538 1845 1578 di-

1043 1598 1159 1638 citnr
1167 1597 1365 1651 psalmas
1382 1597 1586 1637 Miserere
1594 1595 1617 1637 ⁴¹.
1641 1596 1687 1649 si
1702 1603 1845 1636 antem

1042 1662 1206 1708 agaim*
1223 1656 1273 1695 a'e
1283 1655 1392 1709 festo
1413 1655 1586 1697 dicitnr.
1629 1654 1845 1707 Hymnus.

1043 1714 1108 1754 Te
1131 1712 1295 1754 deum⁵.

1163 1806 1207 1851 ffi
1231 1803 1313 1843 Aa'
1329 1803 1487 1844 landes.
1561 1802 1725 1855 Vmsas.

1137 1890 1228 1930 Eus
1252 1889 1294 1929 in
1318 1889 1583 1930 adiutorium
1608 1903 1755 1931 meum
1784 1891 1846 1930 in-

1164 1948 1308 1988 tende.
1369 1948 1423 1987 R.
1463 1947 1657 1987 Domine
1683 1950 1737 1989 ad
1768 1950 1846 1989 ad-

1043 2006 1286 2046 iuuandum
1304 2019 1373 2045 me
1388 2005 1551 2045 festina.
1599 2004 1750 2047 Gloria
1766 2006 1847 2047 Pa-

1043 2062 1128 2104 triss.
1194 2063 1429 2104 Halleluia.

1100 2121 1268 2162 Deinde
1289 2128 1372 2162 tres
1392 2119 1566 2174 psalmi,
1589 2128 1636 2162 vt
1660 2121 1705 2162 2'72
1727 2121 1846 2174 psal-

1043 2180 1146 2220 terto
1175 2195 1190 2220 .·
1217 2180 1370 2233 quibas
1387 2180 1538 2233 finitis
1558 2194 1652 2221 cnm
1673 2180 1844 2220 cantico.

1044 2237 1310 2278 Benedistus
1326 2237 1494 2279 dicitnr.
1563 2238 1607 2279 V.
1652 2238 1845 2278 Domine

1042 2296 1467 2336 exaudiorationem
1484 2294 1661 2338 meam⁷.
1697 2296 1753 2337 R.
1784 2296 1845 2336 Et

1043 2354 1211 2394 clamor
1234 2368 1358 2394 meus
1381 2354 1437 2394 ad
1461 2353 1534 2396 teg.

1140 2445 1308 2485 Deinde
1330 2444 1531 2486 Oremus.
1595 2445 1758 2486 Oratio.

1052 2525 1281 2607 EXcita‚
1338 2524 1589 2577 quaesumus
1654 2524 1845 2573 domine,

1165 2583 1411 2635 potentiam
1434 2588 1569 2630 tuam,
1585 2587 1628 2621 et
1645 2582 1743 2621 veni
1768 2596 1776 2622 ε
1799 2589 1845 2622 vt

1044 2640 1100 2680 ab
1164 2640 1497 2679 imminentibus
1560 2646 1843 2692 peccatorum

1043 2698 1286 2738 nostrorum
1309 2698 1511 2750 periculis
1533 2703 1576 2737 te
1599 2711 1847 2737 mereamur

1113 2803 1126 2825 ⁶
1151 2810 1186 2839 et
1207 2804 1311 2838 Filio.
1357 2804 1459 2839 Sicut
1485 2810 1562 2839 erat
1582 2803 1618 2838 in
1637 2804 1819 2849 principio
1837 2816 1844 2838 :

1044 2852 1127 2886 add.
1151 2853 1191 2885 R.
1215 2852 1252 2884 Ρ.
1273 2853 1316 2885 Α.

1112 2899 1124 2920 ⁷
1150 2906 1238 2932 eto:
1268 2900 1312 2932 A.

1111 2945 1124 2966 ὃ
1150 2946 1293 2979 veniat:
1313 2946 1396 2978 add.
1418 2946 1459 2979 R.
1471 2946 1507 2979 P.
1537 2945 1584 2980 ad
1603 2951 1638 2979 te
1657 2957 1663 2979 :
1682 2945 1781 2979 omit.
1800 2946 1841 2979 A.
