1981 3248
796 140 1033 172 OCTOBER.

84 222 129 266 {I
141 218 176 258 L
185 232 283 259 ncas
294 218 548 272 euangelista
560 217 714 271 duplex
727 217 878 258 mains.

137 276 221 316 Ad
265 276 455 329 vesperas
506 282 547 316 et
599 275 877 316 matutinum.

138 334 341 385 Hymnus
390 340 431 374 et
479 333 784 374 inuitatorinm
832 333 883 372 de

137 391 354 432 communi
380 391 667 444 apostolorum.

402 477 561 518 Oratio.

89 562 397 643 INterueniat
436 576 515 615 pro
552 562 679 602 nobis
713 560 882 615 quaesu-

161 633 258 659 mus
281 621 458 660 domine
481 618 651 660 sanffitus
673 626 774 660 tuus
795 620 881 659 Lu-

81 691 154 716 cas
177 678 453 730 euangelista,
473 679 547 730 qui
571 679 708 718 crucis
732 678 881 717 morti-

82 734 333 775 ficationem
358 737 514 788 iugiter
536 736 578 775 in
603 736 677 775 suo
699 749 881 788 corpore

81 806 160 845 pro
183 793 245 832 tui
264 794 453 833 nominis
471 793 636 834 honore
653 793 848 847 portauit
872 807 881 834 :

82 864 160 903 per
181 850 422 892 dominum.

347 958 494 999 Lcc‘Zio
516 956 615 1012 .2'2'j¹.

129 1033 247 1074 Vcas
267 1033 463 1073 medicus
481 1033 779 1081 antiochensis,
798 1033 881 1073 sec-

185 1097 301 1131 tator
320 1091 442 1131 Pauli
458 1091 549 1139 fuit,
567 1105 616 1131 ac
630 1092 774 1131 omnis
789 1091 882 1131 eius

84 1149 447 1202 peregrinationis
482 1163 641 1189 comes
704 1148 882 1201 Scripsit

86 1207 377 1259 euangelium,
398 1207 452 1246 de
467 1220 554 1259 quo
573 1207 689 1246 idem
710 1207 882 1255 Paulus,

85 1264 281 1304 Misimus
299 1265 471 1317 (inquit)
489 1278 587 1304 cum
603 1265 676 1304 illo
693 1264 882 1314 fratrem,

85 1323 206 1362 cuius
241 1322 335 1362 laus
369 1322 429 1362 est
462 1323 505 1362 in
541 1322 769 1375 euangelio
806 1336 884 1376 per

85 1393 239 1420 omnes
269 1380 476 1420 ecclesias.
539 1380 677 1420 Aliud
708 1394 883 1434 quoque

85 1438 225 1478 edidit
257 1437 462 1478 volumen
498 1439 735 1490 egregium,
763 1438 881 1492 quod

84 1495 328 1535 inscribitur
341 1494 634 1548 apostolorum
650 1494 760 1537 aaa.
798 1496 884 1537 Cu-

86 1553 151 1592 ius
189 1553 363 1593 historia
397 1553 527 1606 Vsque
564 1553 620 1593 ad
657 1554 883 1594 biennium

87 1611 246 1650 Romae
280 1611 592 1651 commorantis
629 1611 751 1651 Pauli
789 1625 885 1664 per-

86 1669 219 1717 uenit,
243 1668 325 1708 hoc
352 1669 411 1708 est
433 1668 564 1722 vsque
593 1670 648 1709 ad
679 1676 883 1722 quartum

87 1727 276 1766 Neronis
298 1740 474 1767 annum.
537 1726 732 1779 Quidam
756 1727 885 1779 suspi-

86 1790 251 1832 cantur,
269 1784 610 1837 quotiescunque
629 1785 671 1824 in
695 1785 884 1837 epistolis

86 1842 169 1881 suis
194 1842 352 1882 Paulus
379 1841 514 1891 dicit2,
540 1844 667 1882 iuxta
695 1857 885 1895 euange-

86 1899 193 1939 lium
217 1913 374 1949 meum,
394 1900 527 1940 Lucae
551 1900 788 1952 significare
812 1915 885 1941 vo-

86 1957 248 1997 lumen.
309 1956 576 2010 Quanquam
616 1958 758 1999 Lucas
796 1972 885 1998 non

85 2014 221 2054 solum
240 2014 295 2054 ab
314 2015 510 2068 apostolo
529 2015 676 2065 Paulo,
694 2017 767 2069 qui
786 2030 885 2056 cum

88 2073 268 2112 domino
291 2073 333 2112 in
357 2087 486 2112 carne
509 2087 596 2113 non
620 2073 770 2123 fuerat,
796 2074 885 2115 Sed

87 2144 113 2170 a
146 2131 314 2170 caeteris
348 2131 481 2170 etiam
516 2131 721 2183 apostolis
755 2145 888 2171 euan-

87 2187 251 2240 gelium
284 2188 488 2236 didicisse,
517 2188 604 2240 ipse
636 2202 811 2241 quoque
844 2190 885 2228 in

87 2245 322 2285 voluminis
353 2246 411 2285 sui
441 2246 655 2298 principio
682 2247 887 2295 declarat,

89 2303 250 2351 dicens,
283 2302 407 2343 Sicut
443 2304 717 2343 tradiderunt
749 2304 886 2352 nobis,

88 2361 162 2413 qui
195 2374 220 2400 a
251 2361 464 2413 principio
498 2361 571 2413 ipsi
604 2361 817 2410 viderunt,
845 2368 888 2402 et

89 2417 268 2457 ministri
293 2418 465 2458 fuerunt
486 2419 703 2458 sermonis.
748 2420 889 2471 Igitur

90 2475 367 2527 euangelium
385 2476 487 2516 sicut
503 2477 701 2516 audierat
718 2477 886 2529 scripsit.

90 2531 250 2573 Arcfta³
291 2547 392 2573 vero
434 2533 742 2586 apostolorum,
784 2534 888 2574 sicut

90 2591 270 2638 viderat,
293 2591 546 2643 composuit.
609 2592 737 2632 Vixit
769 2590 888 2631 0610-

90 2649 214 2700 ginta
263 2654 472 2701 quattuor
520 2663 658 2689 annos
701 2663 886 2689 vxorem

90 2719 177 2745 non
202 2706 377 2746 habens.
441 2706 648 2758 Sepultus
681 2706 739 2746 cst
774 2707 889 2748 Con-

162 2852 173 2873 ¹
201 2852 260 2887 die
285 2854 322 2887 18
341 2854 382 2886 in
401 2865 447 2886 m.

162 2899 174 2919 ²
198 2900 288 2933 dixit
314 2912 320 2933 ;
342 2901 377 2933 P.
399 2901 441 2933 A.

163 2946 176 2967 3
201 2944 297 2980 Aeta
322 2959 327 2980 :
356 2948 404 2980 R.
426 2948 462 2980 P.
484 2947 526 2980 A.

1674 128 1749 177 163

951 214 1243 267 stantinopoli,
1267 215 1322 255 ad
1353 228 1485 267 quam
1515 215 1666 256 vrbem
1690 217 1749 256 vi-

950 274 1112 326 gesimo
1136 272 1377 323 Constantij
1403 286 1520 312 anno
1541 274 1630 313 ossa
1659 274 1751 313 eius

951 344 1051 371 cum
1095 328 1290 382 reliquis4
1330 329 1526 370 Andreae
1567 330 1751 384 apostoli

951 388 1165 429 translata
1188 388 1284 427 sunt
1306 401 1363 427 ex
1386 387 1570 428 Achaia.

953 542 997 587 ΙΙ
1022 539 1266 580 Ptolomeus
1286 545 1325 578 et
1345 538 1509 579 Lucius
1529 546 1750 592 mamysres.

1188 597 1334 636 Lec72'0
1358 595 1516 637 tertia?

1015 687 1752 730 LexandriaeMarcoAureliovero

1067 753 1110 787 et
1139 746 1370 787 Antonino
1400 747 1489 787 filio
1519 748 1754 799 imperato-

954 804 1083 853 ribus,
1106 818 1205 844 cum
1229 805 1435 857 pudicam
1468 819 1518 844 ac
1549 804 1753 845 Christia-

954 876 1056 901 nam
1079 876 1263 902 vxorem
1287 862 1474 902 infidelis
1495 868 1538 902 et
1556 861 1753 902 scelestus

955 920 1149 969 maritus,
1182 933 1261 960 nec
1294 934 1319 960 a
1352 920 1573 973 proposito
1611 919 1753 959 Chris-

954 978 1076 1017 tiano
1099 978 1328 1026 deterrere,
1352 992 1431 1018 nec
1455 991 1574 1017 ream
1605 990 1752 1017 coram

953 1035 1096 1075 iudice
1125 1036 1385 1075 conuincere
1410 1036 1538 1088 posse,
1562 1034 1753 1075 confide-

953 1099 1029 1141 ret,
1052 1093 1094 1132 in
1126 1091 1333 1133 exitium6
1362 1093 1591 1142 Ptolomei,
1621 1106 1752 1145 quem

953 1150 1028 1190 illa
1057 1150 1311 1203 magistrum
1341 1151 1562 1203 religionis
1590 1150 1754 1190 habue-

954 1214 1031 1257 rat,
1060 1208 1305 1256 conuersuS,
1336 1208 1579 1249 centurioni
1611 1207 1753 1248 amico

953 1266 1168 1318 persuasit,
1190 1272 1237 1306 vt
1260 1266 1383 1306 illum
1406 1281 1461 1307 an
1487 1266 1754 1307 Christianus

954 1324 1057 1363 esset
1089 1330 1429 1376 percontaretur.
1490 1323 1536 1363 A
1567 1338 1655 1376 quo
1687 1337 1754 1363 ro-

954 1387 1083 1434 gatus
1103 1381 1357 1422 Ptolomeus
1375 1382 1460 1422 sine
1475 1380 1754 1422 cunctatione

957 1439 1249 1480 Christianum
1299 1440 1340 1480 se
1388 1440 1472 1479 esse
1519 1439 1753 1492 respondit.

956 1496 1258 1549 Quamobrem
1275 1497 1318 1537 in
1333 1497 1506 1538 vincula
1521 1495 1755 1546 conie&us‚

956 1555 1119 1607 diuque
1152 1555 1334 1594 carceris
1366 1555 1445 1595 situ
1477 1561 1521 1595 et
1553 1554 1755 1607 squalore

957 1609 1194 1660 confeffitus
1218 1612 1273 1652 ad
1296 1612 1460 1665 Vrbicij
1495 1613 1649 1652 iudicis
1681 1613 1755 1652 tri-

956 1670 1092 1710 bunal
1124 1670 1391 1722 producitur.
1454 1669 1542 1711 Vbi
1565 1669 1755 1710 christia-

956 1741 1059 1767 nam
1111 1728 1322 1780 pietatem
1372 1729 1464 1781 pari
1513 1728 1756 1768 constantia

956 1799 1056 1825 cum
1104 1785 1244 1825 multa
1293 1785 1448 1827 Christi
1501 1786 1756 1826 laudatione

956 1843 1176 1896 professus,
1196 1843 1373 1896 capitali
1398 1844 1609 1884 sententia
1631 1844 1755 1884 dam-

957 1907 1099 1941 natur.
1173 1901 1304 1941 Hanc
1347 1901 1563 1941 Ptolomei
1605 1902 1757 1954 praeci-

956 1959 1094 2011 pitem
1126 1959 1458 1999 damnationem
1491 1959 1652 1999 Lucius
1682 1959 1755 2011 qui

959 2016 1112 2057 aderat
1161 2017 1340 2069 indigne
1382 2017 1535 2064 ferens,
1580 2017 1756 2057 liberius

958 2075 1093 2126 coepit
1115 2075 1410 2114 temeritatem
1438 2074 1591 2114 iudicis
1621 2075 1757 2114 incre-

959 2145 1075 2184 pare.
1148 2131 1193 2171 A
1234 2145 1322 2184 quo
1365 2132 1658 2184 interrogatus
1700 2146 1756 2172 an

959 2189 1046 2242 ipse
1064 2203 1240 2241 quoque
1256 2189 1524 2229 Christianus
1538 2190 1641 2229 esset
1656 2203 1756 2230 cum

960 2247 1003 2286 id
1036 2247 1165 2299 plane
1198 2246 1478 2294 asseuerasset,
1510 2247 1632 2286 simili
1666 2247 1756 2287 sen-

960 2304 1098 2344 tentia
1121 2304 1367 2344 damnatur.
1431 2305 1557 2344 Tunc
1583 2304 1757 2353 Lucius,

962 2361 1137 2402 Gratias
1165 2361 1347 2414 (inquit)
1376 2375 1460 2413 ago
1489 2362 1568 2401 tibi
1594 2362 1755 2410 Vrbici,

961 2420 1079 2472 quod
1103 2432 1173 2458 me
1188 2433 1213 2458 a
1236 2419 1468 2459 saeuissimis
1487 2420 1677 2459 dominis
1696 2420 1756 2460 af-

960 2477 1071 2524 feris,
1097 2476 1152 2516 ad
1181 2477 1488 2529 optimumque
1516 2483 1686 2529 patrem
1714 2484 1758 2517 ct

960 2548 1106 2586 regem
1147 2535 1344 2574 omnium
1387 2535 1517 2574 deum
1561 2536 1758 2576 remittis.

961 2592 1019 2631 Et
1042 2591 1095 2631 sic
1118 2605 1217 2631 cum
1243 2592 1472 2632 Ptolomeo
1503 2592 1665 2632 Lucius
1696 2593 1757 2632 in-

959 2647 1166 2689 tersecftus
1246 2650 1456 2700 martyrio
1527 2656 1759 2690 coronatur

960 2706 1079 2759 .xiiij.
1112 2706 1316 2746 calendas
1351 2707 1627 2747 Nouembris.

1031 2851 1044 2872 4
1071 2851 1234 2896 reliquijs
1256 2863 1263 2885 2
1293 2852 1335 2885 R.
1360 2853 1396 2885 P.
1418 2852 1461 2886 A.

1032 2899 1045 2919 ⁵
1071 2899 1130 2933 die
1154 2909 1194 2942 19
1212 2900 1252 2932 in
1272 2910 1317 2932 m.

1031 2945 1044 2966 ⁰
1069 2946 1219 2980 exilium
1241 2958 1247 2980 :
1280 2947 1315 2980 l'.
1336 2945 1380 2979 A.

1511 3020 1643 3048 11—2
