1981 3248
181 140 258 182 172

176 219 349 261 sanetus
391 222 599 264 Vrbanus
650 224 858 278 sepeliuit.
923 226 983 267 Et

175 279 359 319 domum
403 281 597 322 eiusdem
638 283 861 324 ecclesiam
905 298 982 324 no-

176 337 294 402 mine
331 337 460 391 ipsius
496 347 801 394 nuncupatam
836 342 982 383 conse-

175 402 326 436 crault.

502 488 593 530 Ora
598 489 666 532 tio.

182 561 374 644 DEuS‚
410 564 484 616 qui
528 579 607 605 nos
649 580 797 607 annua
836 567 980 608 beatae

298 621 473 662 Ceciliae
499 625 702 676 martyris
731 631 820 665 tuae
844 625 980 665 solen-

174 678 314 718 nitate
357 679 556 721 laetificas
599 697 607 722 :
649 683 718 731 da,
760 689 807 723 vt
844 697 976 736 quam

173 749 434 777 veneramur
475 739 618 779 officio
661 755 668 780 :
711 741 847 781 etiam
894 742 979 794 pize

173 795 515 836 conuersationis
558 797 790 850 sequamur
826 813 979 840 exem-

172 851 247 904 plo
273 865 281 892 :
304 867 381 906 per
402 854 645 896 dominum.

278 973 323 1018 ΕΙ
360 972 550 1015 Clemens
560 981 679 1027 papa
700 983 880 1029 martyr.

444 1064 589 1105 Left'io
613 1064 709 1120 .izj¹.

175 1136 445 1220 CLemens
492 1138 634 1190 patria
676 1153 884 1180 romanus
922 1141 977 1181 de

281 1196 459 1247 regione
487 1196 614 1249 Coelij
648 1198 810 1237 montis
840 1198 978 1251 impe-

169 1254 326 1292 ratoris
357 1254 603 1294 Domitiani
627 1260 828 1308 tempore
851 1270 978 1309 quar-

169 1316 241 1351 tus
268 1310 363 1363 post
390 1312 567 1352 Petrum
596 1312 812 1353 Romanae
840 1314 975 1354 eccle-

169 1368 239 1408 fiae
261 1369 466 1422 pontifex
490 1376 663 1410 creatus
686 1370 757 1411 est.
823 1370 976 1424 Quan-

170 1440 304 1479 quam
357 1428 473 1467 enim
528 1428 682 1468 Petrus
733 1428 848 1469 hunc
901 1430 976 1471 fibi

169 1485 426 1537 proximum
462 1485 742 1526 successorem
781 1488 864 1528 esse
900 1502 975 1529 vo-

169 1542 321 1591 luisset,
352 1543 440 1596 ipse
469 1549 618 1584 tamen
647 1544 744 1585 Vsus
772 1545 975 1599 fingulari

167 1601 361 1653 quadam
385 1601 607 1650 modestia,
624 1602 787 1643 Linum
811 1610 853 1644 et
878 1604 975 1645 Cle-

167 1664 263 1698 tum
292 1659 445 1711 sponte
476 1659 549 1700 sibi
574 1660 616 1700 in
640 1660 806 1701 honore
829 1663 975 1714 ponti-

168 1715 269 1756 ficio
301 1716 504 1769 praetulit.
571 1718 659 1758 Hic
692 1718 851 1772 scripsit
885 1721 976 1760 Ro-

168 1788 313 1814 manae
348 1775 536 1815 ecclesiae
579 1776 758 1817 nomine
795 1778 850 1817 ad
890 1778 974 1819 Co-

171 1832 359 1872 rinthios
439 1833 667 1886 epistolam
730 1835 975 1887 perutilem.

169 1890 282 1931 Cum
306 1896 453 1930 autem
479 1891 656 1944 pietate,
679 1893 901 1945 religione,
924 1908 974 1934 ac

167 1946 383 1996 doetrina,
400 1949 563 1989 multos
587 1950 641 1989 ad
666 1949 798 1990 fidem
819 1951 974 1992 Christi

168 2006 367 2059 quotidie
399 2007 688 2056 conuenisset,
711 2008 817 2049 iussu
850 2009 972 2049 Trai-

167 2064 239 2103 ani
262 2064 549 2116 imperatoris,
569 2065 611 2104 in
630 2065 812 2106 insulam
836 2080 973 2119 quan-

166 2122 271 2162 dam
299 2122 482 2162 Graeciae
509 2123 787 2164 adiacentem
815 2125 973 2177 depor-

166 2186 286 2220 tatus
329 2179 397 2220 est.
483 2180 535 2220 In
577 2194 663 2233 qua
705 2182 793 2222 duo
836 2183 973 2223 millia

167 2237 497 2278 christianorum
540 2240 596 2278 ad
640 2239 826 2280 secanda
858 2254 972 2281 mar-

168 2309 290 2335 mora
306 2295 617 2336 damnatorum
634 2297 811 2337 inuenit.
838 2298 971 2339 Cum-

167 2366 252 2405 que
285 2353 343 2393 ibi
377 2367 503 2406 aquae
537 2355 719 2407 penuria
751 2355 970 2396 laborare-

166 2418 249 2459 tur,
271 2409 296 2450 a
323 2410 448 2451 sexto
478 2413 594 2452 enim
619 2413 825 2453 milliario
847 2420 969 2467 pete-

165 2469 306 2517 batur,
318 2468 524 2510 Clemens
533 2469 690 2510 collem
705 2470 824 2511 haud
839 2472 970 2525 longe

165 2526 353 2579 positum
386 2527 698 2576 conscendens,
720 2542 885 2582 agnum
908 2531 970 2570 vi-

164 2584 230 2623 dit
262 2583 338 2624 sub
370 2584 492 2624 cuius
524 2586 684 2625 dextro
722 2588 836 2639 pede
871 2587 970 2628 fons

166 2655 295 2694 aquae
323 2641 464 2681 dulcis
498 2656 677 2683 munere
706 2644 857 2685 diuino
884 2645 970 2685 sca-

164 2699 366 2740 turiebat.
429 2699 529 2752 Qua
551 2702 733 2741 recreati
757 2702 853 2742 sunt
875 2717 970 2743 om-

164 2770 253 2803 nes,
297 2762 341 2797 et
382 2757 509 2797 multi
552 2759 607 2798 ad
646 2758 779 2799 fidem
812 2760 968 2801 Christi

164 2814 369 2856 conuersi.
413 2814 502 2856 Sed
517 2815 601 2856 hoc
617 2817 757 2869 magis
776 2817 968 2859 irritatus

234 2917 245 2937 ¹
274 2916 333 2951 die
351 2926 417 2960 .23.
437 2917 478 2950 in
497 2928 541 2951 m.

234 2961 247 2984 ²
273 2963 332 2998 die
351 2973 416 3006 .24.
437 2964 477 2997 ist
497 2975 542 2998 m.

850 150 919 182 ΝΟ
930 150 1147 183 VEMBER.

1056 226 1274 269 Traianus
1317 229 1439 279 misit,
1473 230 1547 283 qui
1581 229 1857 271 Clementem

1053 285 1098 325 in
1133 299 1253 327 mare
1285 287 1468 341 alligata
1500 289 1555 328 ad
1588 287 1752 327 collum
1782 302 1858 328 an-

1052 342 1186 384 chora
1243 345 1492 397 deijcerent.
1581 346 1682 399 Quo
1739 344 1858 386 faffito

1053 399 1360 443 sanffisfimum
1418 418 1576 456 corpus
1643 417 1732 444 non
1795 404 1857 443 ita

1053 459 1195 499 multo
1218 460 1312 512 post
1334 462 1390 502 ad
1414 462 1536 502 littus
1555 460 1751 502 delatum
1770 461 1856 501 est:

1052 523 1096 557 et
1159 518 1323 559 ibidem
1384 519 1600 572 sepultum
1653 517 1856 559 extruffito

1051 576 1235 628 templo,
1256 577 1329 616 vbi
1362 577 1459 617 fons
1492 577 1704 617 diuinitus
1737 591 1856 617 ema-

1051 640 1233 674 nauerat
1256 635 1329 675 .ix.
1354 635 1562 675 calendas
1593 634 1854 676 Decembris

1051 704 1168 731 anno
1190 692 1257 744 .iij,
1292 693 1483 734 Traiani.
1547 693 1673 734 Sedit
1704 699 1854 733 autem

1050 762 1190 789 annos
1213 750 1285 791 .ix.
1308 751 1477 791 menses
1500 750 1552 803 .ij.
1577 752 1670 791 dies
1693 765 1748 793 .X.

1372 835 1534 877 Oralz'o.

1058 907 1246 989 DEus,
1299 910 1373 963 qui
1425 924 1505 950 nos
1547 924 1695 950 annua
1736 910 1855 951 beati

1158 966 1401 1008 Clementis
1416 969 1622 1021 martyris
1637 969 1855 1022 tui,atque

1050 1025 1269 1077 pontificis
1307 1026 1566 1066 solennitate
1603 1026 1800 1066 laetificas
1847 1043 1855 1067 :

1048 1083 1242 1123 concede
1264 1085 1491 1137 propitius,
1516 1090 1562 1124 vt
1585 1084 1707 1124 cuius
1730 1091 1854 1124 nata-

1047 1139 1140 1179 litia
1173 1141 1360 1181 colimus
1392 1157 1401 1182 :
1435 1142 1644 1182 virtutem
1676 1156 1853 1196 quoque

1047 1199 1250 1251 passlonis
1274 1200 1498 1240 imitemur
1520 1216 1527 1241 2
1549 1214 1637 1254 per.

1169 1319 1213 1364 {1
1241 1315 1278 1359 C
1276 1309 1480 1371 llrjfigobz
1486 1332 1535 1358 ns
1556 1324 1736 1371 martyr.

1319 1409 1465 1449 [εᾶῑό
1488 1408 1583 1462 ‚2‘2'j².

1053 1484 1427 1568 CHrysogonuS
1471 1484 1738 1525 Diocletiani
1770 1485 1850 1525 im-

1182 1544 1393 1596 peratoris
1454 1543 1561 1583 iussu
1618 1549 1852 1596 propterea

1046 1601 1165 1654 quod
1194 1602 1298 1642 esset
1326 1601 1581 1641 christianus
1605 1615 1739 1641 romae
1762 1601 1849 1641 iam

1045 1659 1271 1699 biennium
1323 1659 1506 1700 vinculis
1557 1659 1851 1712 premebatur,

1046 1715 1209 1758 saneta?
1239 1717 1469 1758 Anastasia
1511 1717 1585 1770 ipsi
1623 1724 1666 1758 et
1699 1717 1850 1757 multis

1046 1775 1145 1827 alijs
1196 1775 1437 1816 christianis
1489 1776 1701 1815 alimenta
1754 1775 1849 1828 sug-

1044 1840 1236 1885 gerente,
1281 1834 1393 1874 Cum
1442 1833 1748 1874 Diocletianus
1791 1847 1849 1873 ex

1045 1891 1255 1944 Aquileia
1287 1892 1479 1931 Romam
1504 1891 1674 1944 scripfit‚
1696 1897 1744 1931 vt
1766 1905 1850 1931 cae-

1045 1949 1148 1989 teris
1177 1949 1430 1997 christianis,
1454 1949 1528 2002 qui
1551 1947 1686 1989 vineti
1709 1949 1847 1989 custo-

1045 2007 1280 2047 diebantur
1321 2006 1574 2056 interfectis,
1617 2007 1847 2060 Chrisogo-

1044 2078 1126 2105 nus
1163 2066 1219 2105 ad
1258 2065 1298 2105 se
1336 2065 1642 2105 remitteretur.
1705 2065 1847 2118 Aqui-

1044 2123 1174 2163 leiam
1198 2123 1331 2176 igitur
1353 2122 1526 2163 delatus
1554 2122 1714 2164 Caesari
1735 2137 1848 2176 prae-

1043 2179 1233 2221 fecturas
1265 2186 1308 2221 et
1341 2194 1525 2234 magnos
1552 2181 1742 2221 honores
1770 2181 1846 2221 fibi

1043 2239 1070 2278 si
1113 2240 1219 2280 deos
1255 2240 1458 2279 adoraret
1500 2239 1738 2292 pollicenti,
1782 2253 1846 2279 re-

1041 2297 1227 2349 spondit,
1248 2297 1398 2337 Vnum
1417 2297 1548 2337 deum
1572 2303 1720 2337 mente
1737 2296 1846 2348 colo,

1041 2369 1235 2403 veneror,
1279 2361 1323 2395 et
1359 2355 1507 2402 adoro,
1547 2354 1625 2395 ista
1661 2355 1844 2395 deorum

1041 2413 1311 2461 simulachra,
1361 2418 1575 2465 tanquam
1627 2412 1843 2453 malorum

1041 2471 1296 2511 daemonum
1320 2470 1440 2511 sedes
1463 2484 1654 2520 execror,
1675 2476 1719 2511 et
1740 2470 1844 2511 abo-

1041 2529 1195 2569 minor.
1256 2528 1384 2568 Tunc
1418 2528 1694 2581 imperatoris
1735 2528 1842 2569 iussu

1040 2586 1097 2627 ad
1121 2586 1279 2635 locum,
1302 2587 1370 2626 cui
1394 2599 1555 2625 nomen
1579 2592 1671 2626 erat
1693 2585 1841 2639 Aquae

1039 2644 1251 2697 gradatae,
1283 2641 1473 2693 duc-tusi
1498 2644 1662 2683 ibidem
1696 2643 1842 2684 decol-

1040 2703 1157 2742 latus
1174 2702 1233 2742 est
1251 2701 1336 2754 ‚viij
1356 2701 1563 2742 calendas
1582 2702 1841 2742 DecembriS

1040 2760 1175 2801 Cuius
1198 2773 1356 2812 corpus
1379 2760 1422 2799 in
1446 2773 1566 2799 mare
1583 2757 1839 2812 proie&um,

1039 2824 1083 2859 et
1108 2817 1258 2871 postea
1284 2818 1327 2857 in
1358 2816 1621 2870 possesfione,
1647 2830 1745 2870 quae
1776 2817 1839 2857 di-

1108 2918 1121 2940 3
1148 2917 1313 2953 santiam
1334 2931 1341 2953 :
1360 2919 1402 2953 A.

1109 2966 1121 2987 4
1148 2965 1281 3001 doetus
1305 2967 1372 3000 :A.
