1981 3248
847 163 1027 196 IULIUS.

105 239 327 294 synagogi,
342 241 397 281 ad
421 241 556 281 filiam
574 240 703 294 ipfius
720 254 745 281 a
764 246 904 281 morte

105 300 410 339 reuocandam.
475 299 608 338 Hunc
626 303 670 338 et
689 299 903 338 Ioannem

105 354 282 396 fratrem
305 362 398 396 tam
420 354 604 397 dilecftos
627 356 711 396 esse
734 355 904 397 Christo

105 426 255 453 eorum
278 420 418 454 mater
439 413 727 466 intelligebat,
746 420 794 454 vt
815 427 903 454 non

105 470 374 511 dubitauerit
424 471 482 511 ab
523 471 614 524 ipso
656 477 816 525 petere,
857 477 905 511 vt

104 541 240 580 quum
263 529 367 569 esset
389 528 432 569 in
456 528 529 569 suo
557 542 691 581 regno
717 528 903 569 alterum

104 599 130 625 a
171 585 341 626 dextris
374 586 621 634 collocaret,
649 586 835 627 alterum
878 600 904 626 a

104 643 287 684 sinistris.
341 644 429 684 Hic
451 644 584 697 igitur
604 645 791 684 Iacobus
810 644 905 697 post

107 700 262 741 Christi
314 701 547 748 ascensum,
590 715 726 754 quum
769 702 904 741 fidem

105 758 233 811 ipsius
257 773 334 812 per
357 760 555 800 Iudaeam
585 766 629 799 et
657 760 904 800 Samariam

105 816 363 857 mirabiliter
408 817 693 870 praedicando
745 831 903 871 propa-

104 874 241 926 gasset
283 890 291 915 :
332 873 628 928 plurimosque
670 880 714 915 et
755 876 798 914 in
839 874 906 914 his

107 931 438 984 Hermogenem
470 931 724 973 haereticum
757 933 812 972 ad
836 946 907 972 ve-

105 1002 199 1029 rum
261 990 332 1030 dei
393 989 559 1030 cultum
617 990 905 1039 conuertisset,

107 1046 369 1100 Hispaniam
398 1047 558 1100 adijsse,
584 1053 627 1088 et
653 1048 712 1089 ibi
744 1062 904 1088 nouem

104 1109 279 1145 tantum
317 1105 432 1145 viros
465 1106 520 1145 ad
554 1105 770 1147 Christum
803 1119 907 1145 con-

104 1163 275 1203 uertisse
325 1164 523 1204 traditur.
603 1163 735 1204 Vnde
788 1163 906 1203 Iero-

105 1219 320 1272 solymam
373 1221 563 1261 reuersus
614 1221 671 1261 ab
725 1221 906 1261 Herode

104 1277 256 1330 gladio
283 1279 515 1331 percussus,
539 1278 706 1332 primus
735 1278 906 1332 aposto-

105 1335 247 1375 lorum
299 1337 510 1389 martyrio
561 1342 795 1376 coronatus
847 1336 907 1376 est

105 1399 265 1432 octauo
306 1393 512 1433 calendas
548 1394 716 1446 Aprilis
754 1409 761 1434 :
805 1393 905 1435 licet

106 1450 262 1490 festum
311 1451 402 1491 eius
453 1451 695 1492 celebretur
745 1457 905 1492 octauo

104 1507 311 1548 calendas
347 1508 549 1561 Augusti,
587 1523 675 1561 quo
708 1509 779 1549 die
813 1523 906 1549 cor-

105 1579 188 1618 pus
210 1566 301 1606 eius
324 1567 584 1607 translatum
608 1567 691 1607 esse
719 1567 907 1607 traditur

106 1622 462 1676 Compostellam.
549 1624 636 1677 Qui
688 1625 795 1665 dum
849 1624 905 1664 ad

105 1680 364 1733 supplicium
411 1682 653 1730 duceretur,
705 1682 904 1722 oblatum

104 1739 397 1792 paralyticum
441 1740 484 1779 in
518 1740 588 1780 via
621 1739 800 1788 sanauit,
834 1754 905 1780 eo-

105 1809 190 1848 que
252 1796 461 1837 miraculo
516 1797 685 1846 Iosiam,
737 1798 811 1850 qui
865 1798 905 1838 se

103 1852 300 1894 vincfffflm
332 1855 388 1895 ad
425 1855 651 1895 Herodem
676 1854 910 1904 traxerat¹,

105 1913 332 1961 conuertit,
356 1918 399 1953 et
422 1912 618 1966 martyrij
643 1914 905 1966 participem

104 1969 258 2010 effecit.

105 2074 149 2119 {1
182 2070 320 2110 Anna
360 2077 500 2111 mater
531 2070 722 2124 vz'rgimk
756 2071 910 2125 duplex

162 2128 318 2169 minus.
383 2128 467 2168 Ad
492 2129 768 2170 matulimmz.
829 2131 860 2169 J
859 2144 906 2170 72-

161 2186 256 2226 uita
260 2185 416 2226 terium
425 2185 449 2227 ².

164 2254 419 2294 Laudemus
460 2254 594 2294 deum
637 2254 828 2295 nostrum
862 2255 904 2296 in

105 2311 365 2352 confesfione
386 2312 529 2352 beatae
552 2312 711 2353 Annae.

170 2414 376 2468 Hymnus
407 2414 471 2454 ad
499 2414 764 2455 matutinum
798 2422 838 2455 et

404 2472 603 2524 vesperas,

208 2541 319 2582 Vius
373 2540 557 2581 obtentu
621 2541 729 2581 deus
789 2540 904 2581 alme

239 2598 391 2638 nostris
445 2599 578 2638 Parce
630 2599 716 2638 iam
765 2599 903 2651 culpis

105 2656 218 2696 vicia
261 2656 501 2704 remittens,
543 2656 645 2708 Quo
686 2656 765 2696 tibi
808 2656 904 2709 puri

107 2713 354 2753 resonemus
376 2713 541 2754 almum
566 2712 758 2754 Pectoris
778 2713 904 2766 hym-

107 2784 223 2811 num.

164 2827 312 2867 Gloria
345 2828 468 2880 patri,
500 2829 751 2882 genitaeque
784 2828 905 2882 proli,

295 2958 302 2978 ¹
332 2965 465 2993 traci-at
490 2972 496 2994 t
520 2961 553 2992 Ι).

780 2959 792 2979 ‘-'
819 2959 877 2993 ‹lie
898 2958 941 2992 26
960 2959 998 2992 t'n
1018 2969 1062 2991 m.

1696 158 1772 199 143

974 240 1032 280 Et
1054 239 1134 280 tibi
1161 252 1342 293 compar
1367 238 1586 292 Vtriusque
1609 239 1777 292 semper

974 298 1165 350 Spiritus
1206 297 1322 337 alme
1363 297 1471 337 deus
1502 310 1613 337 Vnus
1655 297 1774 337 omni

973 355 1194 409 Tempore
1217 354 1327 396 secli.
1386 353 1547 395 Amen.

1048 493 1053 495 .
1223 455 1369 496 Ᾱεᾶίο
1391 455 1531 497 tertia.

974 525 1144 607 ANna
1196 524 1377 577 virginis
1431 524 1501 564 dei
1553 523 1775 577 genitricis

1086 588 1228 623 mater
1262 582 1408 623 Gaziri
1441 581 1532 622 filia
1569 595 1626 621 ex
1659 583 1774 622 tribu

975 641 1087 681 Iuda
1124 641 1167 680 in
1204 639 1464 680 Bethlehem
1499 639 1665 692 oppido
1704 640 1776 680 Iu-

974 699 1084 739 daeae
1108 704 1224 747 nata,
1244 697 1440 737 Ioachini
1464 696 1544 737 fuit
1561 711 1683 745 vxor,
1700 698 1774 750 qui

974 762 1018 796 et
1040 755 1129 809 ipse
1152 769 1210 795 ex
1241 755 1396 795 eadem
1427 755 1542 795 tribu
1566 754 1775 795 Galilaeus

974 820 1068 854 erat
1090 827 1147 854 ex
1167 812 1405 862 Nazareth,
1420 812 1553 852 ambo
1571 826 1628 852 ex
1647 812 1775 866 stirpe

974 871 1093 923 regia
1120 869 1457 923 sanaefitorumque
1488 876 1677 923 patrum,
1699 870 1774 923 ips1

974 927 1109 969 san6ffi
1156 934 1290 982 atque
1341 928 1447 977 iusti,
1491 933 1539 968 vt
1590 928 1775 969 decebat

974 993 1180 1039 parentes
1231 985 1400 1026 futuros
1440 985 1632 1038 virginis,
1675 1000 1775 1038 quae

976 1044 1194 1085 Christum
1218 1049 1310 1084 erat
1328 1044 1621 1097 progenitura.
1685 1043 1774 1085 Sed

974 1115 1228 1155 quanquam
1263 1102 1306 1141 in
1340 1100 1554 1141 charitate
1586 1101 1774 1141 maritali

974 1157 1229 1199 sanctissime
1260 1159 1482 1212 degerent,
1516 1158 1589 1199 diu
1624 1164 1774 1199 tamen

974 1218 1238 1270 optatissima
1255 1217 1377 1270 prole
1391 1222 1634 1257 caruerunt.
1683 1217 1774 1257 Do-

974 1288 1055 1315 nec
1077 1275 1171 1328 post
1193 1287 1359 1314 annum
1381 1274 1648 1327 vigesimum,
1672 1288 1775 1314 con-

974 1338 1103 1385 ceptu
1119 1338 1162 1372 et
1177 1338 1274 1372 ortu
1291 1332 1578 1372 sacratissimae
1595 1332 1774 1385 virginis

976 1389 1131 1430 Mariae
1154 1390 1391 1430 felicissimo
1421 1389 1656 1429 sterilitatis
1684 1403 1774 1430 ma-

974 1447 1071 1488 cula
1103 1447 1260 1497 deleta,
1284 1453 1512 1500 compotes
1545 1445 1648 1487 faffl
1678 1447 1775 1488 sunt

974 1505 1205 1558 longissimi
1258 1504 1485 1557 desyderij.
1564 1505 1775 1558 Migrauit

974 1569 1123 1603 autem
1147 1563 1203 1603 ad
1234 1563 1463 1603 dominum
1488 1562 1672 1616 septimo
1704 1576 1774 1603 ca-

973 1620 1126 1661 lendas
1188 1619 1390 1672 Augusti,
1440 1620 1562 1660 cuius
1618 1633 1775 1673 corpus

974 1679 1202 1718 conditum
1239 1678 1298 1717 est
1340 1678 1382 1717 in
1426 1676 1687 1718 Bethlehem
1730 1678 1774 1718 in

973 1742 1157 1789 paterna
1180 1735 1409 1789 sepultura.

1295 1838 1459 1879 Oratio.

981 1908 1170 1990 DEus,
1188 1906 1261 1960 qui
1279 1907 1422 1947 beatae
1438 1906 1586 1946 Annae
1604 1912 1774 1948 tantam

1095 1965 1283 2018 gratiam
1300 1965 1464 2005 donare
1478 1965 1684 2017 dignatus
1703 1979 1748 2005 es
1764 1980 1772 2006 :

974 2028 1022 2063 vt
1043 2022 1332 2063 beatissimam
1362 2028 1547 2062 matrem
1575 2028 1698 2062 tuam
1730 2023 1773 2063 in

974 2080 1162 2133 glorioso
1176 2086 1299 2120 vtero
1317 2086 1492 2132 portare
1510 2086 1748 2120 mereretur
1768 2097 1774 2121 :

975 2139 1032 2178 da
1073 2137 1200 2178 nobis
1233 2137 1492 2190 quaesumuS,
1531 2151 1610 2190 per
1642 2137 1774 2178 inter-

975 2195 1202 2235 cessionem
1250 2195 1403 2235 matris
1445 2201 1490 2234 et
1530 2194 1643 2244 filiae,
1684 2201 1773 2235 tuae

975 2252 1300 2305 propitiationis
1334 2252 1653 2292 abundantiam
1687 2267 1695 2292 ε
1726 2259 1774 2293 vt

977 2323 1162 2362 quarum
1205 2309 1462 2349 memoriam
1509 2309 1582 2362 pio
1624 2323 1773 2350 amore

975 2365 1311 2420 complecffimur
1342 2382 1350 2406 :
1381 2380 1530 2406 earum
1557 2367 1773 2419 praecibus

974 2424 1030 2465 ad
1053 2424 1270 2465 coelestem
1292 2424 1523 2464 Ierusalem
1546 2425 1773 2476 peruenire

973 2482 1199 2522 valeamus
1224 2498 1231 2522 :
1253 2482 1327 2535 qui
1349 2482 1459 2522 viuis
1482 2488 1536 2522 et.

989 2577 1034 2622 (I
1066 2574 1255 2615 Martha
1299 2574 1440 2626 wago.
1500 2574 1643 2615 Lea-720
1675 2573 1769 2628 .2’2'j·“.

984 2654 1078 2736 M
1091 2653 1237 2694 Artha
1259 2653 1412 2694 Christi
1431 2653 1601 2708 hospita
1620 2655 1772 2696 Mariae

1121 2718 1163 2751 et
1183 2712 1338 2751 Lazari
1358 2711 1483 2760 soror,
1503 2712 1596 2764 post
1617 2713 1771 2754 Christi

974 2768 1193 2809 ascensum
1216 2769 1272 2808 ad
1296 2775 1466 2821 patrem
1490 2783 1515 2809 a
1539 2769 1700 2810 Iudaeis
1728 2771 1770 2811 in

975 2827 1272 2879 persecutione
1304 2825 1633 2867 christianorum
1671 2841 1770 2869 cum

1270 2957 1282 2976 ³
1308 2958 1367 2992 (lic
1388 2968 1439 3001 29.
1460 2959 1499 2991 z'n
1519 2970 1564 2992 m.
