1981 3248
722 132 894 164 INDEX
924 132 1015 163 ΘΚΑ
1027 131 1079 163 TI
1079 132 1151 163 ΟΝ
1150 131 1232 163 UM

144 209 307 251 Populum
338 214 428 241 tuum
464 220 659 251 quaesumus
697 210 832 241 domine
868 221 944 252 pro-

186 253 286 293 pitius
302 253 427 294 respice
444 258 476 284 et
492 264 574 294 quos
591 254 633 284 ab
650 253 743 292 escis,
762 263 804 293 5ο

145 296 277 327 Praesta
293 296 426 327 domine
444 296 595 327 fidelibus
610 296 686 335 tuis,
704 307 743 336 42

145 339 278 370 Praesta
300 339 396 370 nobis
421 350 618 381 quaesumus
638 340 771 371 domine
787 340 944 371 auxilium

186 382 311 422 gratiae
328 388 414 420 tuae,
437 392 477 422 50

144 425 277 456 Praesta
300 426 395 456 nobis
419 436 617 466 quaesumus
641 426 775 457 domine
797 431 834 457 ut
858 426 944 457 salu-

186 468 310 499 taribus
326 469 454 500 ieiuniis
467 469 596 505 eruditi,
616 478 652 509 51

143 511 276 542 Praesta
314 522 509 552 quaesumus
546 512 756 553 omnipotens
793 512 874 544 deus
909 517 945 544 ut

185 554 329 595 dignitas
345 555 544 586 conditionis
559 555 735 594 humanae,
758 564 795 595 55

145 597 279 628 Praesta
309 609 506 639 quaesumus
545 599 755 640 omnipotens
791 599 872 630 deus
909 604 945 630 ut

188 640 312 671 familia
328 646 384 672 tua
400 652 483 682 quae
500 652 534 672 se
550 641 737 683 affligendo,
755 652 796 683 49

146 684 279 715 Praesta
295 695 491 725 quaesumus
512 685 721 726 omnipotens
743 686 823 716 deus
843 690 878 716 ut
895 685 943 716 in-

188 728 376 758 tercedente
391 728 490 759 beato
508 728 564 766 N.‚
589 730 647 768 185

148 770 282 801 Praesta
312 781 508 812 quaesumus
542 772 752 812 omnipotens
790 771 870 803 deus
908 777 944 803 ut

187 813 432 845 observationes
448 825 555 845 sacras
572 825 707 850 annuas,
727 824 766 854 52

145 856 279 887 Praesta
294 867 491 898 quaesumus
507 857 716 899 omnipotens
733 858 813 889 deus
829 862 865 889 ut
888 858 944 899 qui

186 900 346 940 gloriosos
362 906 531 941 martyreS‚
554 912 565 932 I
575 911 612 942 19

145 943 279 974 Praesta
300 954 496 984 quaesumus
513 945 723 985 omnipotens
740 944 820 976 deus
835 949 870 975 ut
887 944 944 986 qui

187 986 306 1017 nostris
322 987 507 1018 excessibus
522 987 731 1026 incessanter,
750 987 790 1025 56

146 1029 280 1061 Praesta
296 1041 492 1071 quaesumus
508 1030 718 1072 omnipotens
735 1031 815 1062 deus
836 1035 870 1062 ut
888 1031 944 1073 qui

187 1073 356 1113 paschalia
371 1074 463 1112 festa,
484 1074 523 1106 61

146 1116 279 1147 Praesta
300 1127 497 1157 quaesumus
513 1116 724 1158 omnipotens
740 1117 821 1148 deus
836 1122 871 1148 ut
888 1118 945 1158 qui

186 1164 375 1190 sanctorum
395 1166 576 1201 martyrum
599 1165 731 1192 tuorum
751 1161 894 1192 Cosmae
911 1165 943 1192 et

187 1203 355 1241 Damiani,
380 1205 439 1242 158

144 1246 278 1277 Praesta
297 1257 493 1287 quaesumus
512 1246 722 1287 omnipotens
738 1247 819 1278 deus
836 1252 870 1277 ut
887 1247 944 1288 qui

186 1294 375 1320 sanctorum
401 1296 582 1330 martyrum
612 1295 742 1321 tuorum
775 1290 879 1321 Marci
911 1295 943 1322 et

188 1333 407 1369 Marcelliani,
429 1344 489 1374 134

145 1375 279 1407 Praesta
300 1387 496 1417 quaesumus
513 1376 723 1417 omnipotens
739 1377 819 1408 deus
835 1381 870 1407 ut
887 1377 943 1417 qui

185 1424 373 1450 sanctorum
391 1425 572 1460 martyrum
590 1420 742 1461 Tyburtii
759 1420 939 1459 Valeriani,

193 1473 204 1493 1
214 1473 253 1502 24

145 1506 280 1536 Praesta
310 1516 507 1546 quaesumus
544 1506 754 1547 omnipotens
789 1507 869 1538 deus
908 1511 943 1538 ut

187 1559 268 1589 quos
286 1549 408 1580 ieiunia
425 1549 534 1580 votiva
550 1550 720 1591 castigant,
743 1559 782 1590 53

144 1592 260 1623 Preces
281 1597 408 1623 nostras
430 1603 627 1633 quaesumus
649 1593 782 1624 domine
801 1593 943 1625 clemen-

185 1640 234 1666 ter
250 1635 368 1666 exaudi
385 1641 482 1676 atque
499 1647 517 1667 a
533 1641 753 1677 peccatorum,
774 1647 812 1676 41

142 1679 259 1709 Preces
272 1684 397 1710 nostras
408 1690 604 1720 quaesumus
617 1679 751 1710 domine
763 1680 943 1711 clementer

184 1722 303 1753 exaudi
320 1728 351 1753 et
368 1728 481 1754 contra
497 1728 614 1754 cuncta
631 1723 736 1760 nobis,
755 1725 796 1763 48

1737 135 1815 177 199

1013 210 1131 240 Preces
1157 209 1272 250 populi
1300 210 1345 241 tui
1371 221 1567 251 quaesumus
1594 213 1728 246 domine
1747 216 1810 248 cle-

1056 257 1185 284 menter
1201 253 1319 284 exaudi
1336 258 1371 284 ut
1387 254 1475 285 beati
1493 256 1656 295 Marcelli,
1680 258 1740 290 106

1013 296 1130 327 Preces
1155 296 1270 337 populi
1299 296 1346 328 tui
1370 308 1567 338 quaesumus
1590 299 1724 332 domine
1748 302 1811 333 cle-

1054 343 1182 370 menter
1198 339 1317 370 exaudi
1333 344 1368 371 ut
1389 340 1445 381 qui
1465 341 1548 373 iuste
1569 352 1630 383 pro
1654 345 1810 384 peccatis,

1013 393 1197 466 Pr019Jitiare
1217 425 1352 457 domine
1376 427 1671 468 supplicationibus
1694 431 1814 463 nostris

1055 473 1087 499 et
1104 468 1298 506 animarum,
1320 480 1361 512 49

1013 512 1184 543 Protector
1200 511 1234 542 in
1250 516 1282 543 te
1299 513 1513 553 sperantium,
1534 514 1573 554 76

1013 555 1220 595 Quaesumus
1238 556 1448 597 omnipotens
1461 557 1541 588 deus
1552 557 1711 590 familiam
1723 565 1813 591 tuam

1056 598 1228 639 propitius,
1251 607 1290 638 54

1013 641 1221 681 Quaesumus
1248 641 1458 682 omnipotens
1489 643 1569 674 deus
1602 649 1678 676 vota
1707 645 1814 677 humi-

1049 684 1130 715 lium
1145 684 1271 726 respice
1286 690 1385 726 atque
1401 686 1453 722 ad,
1473 697 1513 726 50

1013 727 1221 767 Quaesumus
1245 728 1456 769 omnipotens
1479 730 1559 760 deus
1578 735 1613 762 ut
1635 741 1695 762 nos
1710 733 1812 773 gemi-

1056 776 1134 802 nata
1150 771 1286 807 laetitia,
1308 780 1366 812 137

1014 814 1156 855 Respice
1179 815 1314 846 domine
1335 815 1494 846 familiam
1516 820 1606 847 tuam
1623 821 1654 848 et
1671 824 1812 859 praesta,

1057 858 1098 896 48

1014 900 1157 941 Respice
1194 911 1392 942 quaesumus
1430 901 1564 934 domine
1600 914 1697 944 super
1728 905 1814 936 hanc

1056 943 1215 975 familiam
1231 949 1333 981 tuam,
1352 953 1392 985 57

1014 987 1135 1018 Sacrae
1158 987 1254 1018 nobis
1277 998 1475 1029 quaesumus
1501 988 1636 1020 domine
1661 990 1812 1021 observa-

1055 1030 1155 1061 tionis
1171 1030 1293 1062 ieiunia
1309 1036 1341 1062 et
1358 1031 1421 1072 pie,
1442 1040 1480 1071 52

1013 1073 1193 1105 Sanctifica
1225 1085 1422 1115 quaesumus
1455 1074 1589 1106 domine
1626 1081 1739 1107 nostra
1769 1077 1812 1107 ie-

1056 1117 1143 1147 iunia
1160 1122 1191 1148 et
1208 1122 1408 1156 cunctarum,
1432 1127 1471 1158 54

1012 1160 1225 1192 Sanctificato
1241 1161 1304 1192 hoc
1315 1161 1437 1192 ieiunio
1450 1162 1531 1193 deus
1548 1167 1677 1192 tuorum
1698 1164 1809 1201 corda,

1012 1247 1124 1277 Sancti
1142 1247 1278 1278 Ioannis
1293 1247 1473 1288 Baptistae,
1497 1258 1551 1288 151

1011 1290 1124 1321 Sancti
1140 1291 1283 1321 nominis
1299 1291 1346 1321 tui
1363 1291 1497 1321 domine
1513 1292 1676 1329 timorem,
1699 1291 1737 1332 76

1012 1333 1171 1374 Spiritum
1194 1334 1291 1364 nobis
1313 1335 1446 1365 domine
1471 1340 1546 1366 tuae
1570 1335 1739 1366 charitatis
1763 1336 1810 1367 in-

1054 1376 1164 1413 funde,
1187 1379 1226 1417 58

1012 1419 1204 1451 Subiectum
1221 1420 1280 1450 tibi
1294 1421 1453 1461 populum
1465 1432 1661 1462 quaesumus
1678 1422 1812 1453 domine

1054 1463 1257 1504 propitiatio,
1276 1473 1291 1502 5
1302 1475 1312 1494 1

1010 1506 1084 1537 Tua
1100 1517 1159 1537 nos
1176 1517 1373 1548 quaesumus
1390 1507 1523 1538 domine
1537 1507 1652 1548 gratia,
1671 1518 1708 1551 91

1013 1549 1082 1580 Ure
1098 1550 1173 1591 igne
1190 1551 1293 1581 sancti
1311 1550 1443 1591 spiritus
1460 1561 1563 1585 renes,
1581 1550 1621 1590 46

1010 1592 1118 1624 Visita
1134 1604 1331 1634 quaesumus
1347 1594 1480 1624 domine
1497 1594 1747 1632 habitationem,
1769 1605 1807 1634 25

1010 1637 1099 1667 Vota
1122 1647 1319 1678 quaesumus
1346 1637 1480 1668 domine
1511 1637 1726 1678 supplicantis
1752 1649 1808 1679 po-

1053 1680 1122 1721 puli
1139 1680 1283 1718 coelesti,
1307 1691 1355 1720 31,
1376 1682 1414 1720 38
