1981 3248
176 142 255 173 110

176 225 228 265 In
255 224 424 266 vnitate
455 223 523 264 cui
558 228 710 264 manet
740 220 977 275 imperium

177 284 251 323 Ex
293 288 410 331 tunc,
454 288 497 322 et
532 281 668 322 modo
704 293 782 334 per
811 285 978 320 aeterna

176 340 329 383 secula.
388 340 552 381 Amen.

497 413 660 456 Oratio.

181 484 373 568 DEus,
395 484 470 537 qui
491 483 737 524 vniuersum
760 481 976 522 mundum

297 543 415 583 beati
450 541 573 582 Pauli
605 540 789 594 apostoli
819 539 977 592 praedi-

176 600 350 641 catione
378 599 560 641 docuisti
584 614 591 639 :
619 600 678 639 da
705 598 833 638 nobis
856 610 977 650 quae-

176 660 322 699 sumus
355 674 363 699 :
394 664 451 707 vt,
479 658 554 710 qui
586 657 677 697 eius
709 656 841 696 hodie
873 668 977 695 con-

177 717 417 758 uersionem
446 715 631 756 colimus
660 730 667 755 z
692 727 770 767 per
797 713 890 754 eius
919 713 975 753 ad

175 781 220 816 te
242 774 452 827 exempla
473 773 729 827 gradiamur
751 787 758 812 :
781 785 868 824 per.

214 850 296 891 Ad
313 848 577 890 matutinum
602 844 936 888 imitatorium&

235 919 492 961 Laudemus
525 918 658 958 deum
697 916 889 957 nostrum
932 915 974 955 in

176 978 457 1020 conuerslone
489 974 683 1017 doctoris
714 975 926 1028 gentium.

465 1051 682 1103 h'ymnus.

255 1118 427 1161 1)ΟᾶοΥ
447 1118 632 1171 egregie.
658 1116 865 1170 vtsztpra.

426 1198 572 1238 Lec7i0
594 1197 730 1238 tertia.

182 1267 418 1353 PAulus,
439 1266 513 1319 qui
536 1272 667 1306 antea
691 1263 863 1314 Saulus,
889 1264 980 1305 Gis-

290 1326 395 1366 calis
436 1325 604 1377 oppido
648 1323 814 1364 Iudaeae
856 1330 978 1363 ortus

178 1384 411 1424 Beniamin
427 1396 452 1422 a
467 1382 595 1432 tribu,
613 1381 755 1434 patria
771 1380 795 1420 a
813 1380 977 1420 Roma-

177 1443 244 1482 nis
273 1441 390 1482 bello
416 1447 558 1493 capta,
587 1453 687 1480 cum
720 1439 977 1492 parentibus

175 1500 374 1548 Tarsum,
396 1513 495 1552 quae
524 1498 689 1540 Ciliciae
718 1497 789 1546 est,
818 1497 978 1550 migra-

178 1559 251 1599 uit.
316 1558 430 1598 Mox
474 1555 753 1609 lerosolymis
804 1553 979 1608 operas2

177 1616 302 1657 dedit
344 1614 580 1657 Gamalieli
622 1613 823 1654 mosaicae
866 1613 976 1666 legis

177 1675 443 1728 peritisfimO.
508 1671 724 1725 Stephani
762 1673 975 1723 martyrio

178 1732 385 1780 interfuit,
439 1730 716 1784 acceptisque
761 1728 786 1769 a
831 1729 974 1768 Iudae-

178 1805 304 1831 orum
353 1788 561 1843 pontifice
608 1787 756 1837 literis,
802 1793 849 1827 vt
901 1801 976 1827 eos

177 1848 299 1889 velut
351 1848 511 1900 impios
560 1844 855 1892 insectaretur,
901 1845 976 1897 qui

179 1906 397 1948 Christum
430 1917 696 1945 nazarenum
730 1903 800 1943 dei
838 1902 975 1943 filium

177 1965 410 2006 assererent
451 1978 459 2004 :
501 1975 637 2015 quum
690 1959 979 2002 Damascum³

179 2028 395 2076 pergeret,
438 2021 579 2061 subita
620 2020 699 2060 lux
740 2019 882 2059 obiter
932 2019 976 2059 in

180 2081 367 2134 speciem
394 2079 578 2132 fulguris
605 2091 706 2118 eum
729 2077 976 2129 occupauit,

179 2140 237 2180 ad
269 2144 521 2190 terramque
561 2149 726 2189 pauore
766 2133 975 2183 deiectus,

179 2210 334 2238 vocem
358 2195 528 2236 audiuit
549 2194 669 2235 velut
692 2193 976 2246 increpantis,

183 2255 328 2304 Saule,
353 2253 499 2302 Saule,
523 2252 628 2305 quid
658 2265 728 2292 me
751 2251 979 2305 perseque-

180 2313 267 2353 ris?
331 2312 411 2353 Ille
436 2317 623 2364 torpore.
646 2316 690 2350 et
721 2315 840 2349 metu
864 2309 977 2362 pres-

180 2371 261 2420 qu,
286 2369 396 2423 Quis
423 2368 600 2422 (inquit)
626 2368 702 2408 es?
764 2367 853 2408 Vbi
875 2381 979 2407 vero

183 2428 325 2469 Iesum
369 2428 452 2468 esse
493 2438 759 2467 nazarenum
797 2425 979 2474 audiuit,

180 2487 304 2527 cuius
346 2485 435 2539 ipse
476 2497 640 2524 nomen
682 2481 977 2532 insectaretur,

181 2544 322 2585 subita
362 2543 573 2595 religione
614 2539 758 2582 tactus
798 2555 979 2581 venera-

181 2602 358 2642 bundus
389 2600 530 2654 petijt,
563 2599 669 2652 quid
711 2597 903 2639 iuberet4
939 2598 980 2638 se

180 2659 333 2700 facere.
397 2659 603 2711 Pergeret
633 2670 764 2710 porro
805 2657 866 2697 ire
900 2656 983 2696 res-

182 2717 367 2772 ponsum
400 2715 471 2757 est.
503 2716 606 2762 fore,
640 2720 688 2755 vt
720 2728 857 2768 quum
890 2713 981 2754 Da-

182 2774 376 2816 mascum
389 2774 580 2821 venisset,
598 2773 656 2813 ibi
675 2773 860 2820 audiret,
874 2772 979 2826 quid

226 2860 239 2882 ¹
266 2859 326 2894 die
344 2866 410 2903 .25.
430 2858 471 2892 in
490 2868 535 2891 m.

226 2906 240 2928 2
266 2917 418 2951 operam
440 2917 446 2939 :
468 2905 510 2938 R.
526 2906 564 2938 P.
580 2905 624 2939 A.

225 2954 239 2975 3
266 2952 479 2988 Damiscam
504 2952 572 2985 :A.

858 142 910 173 JA
915 141 957 173 N
959 139 1020 173 UA
1025 139 1084 170 Rs
1087 139 1154 171 (JS.

1043 216 1161 258 fa5³m
1195 231 1308 271 opus
1343 217 1457 258 esset.
1527 216 1719 259 Stabant
1753 216 1846 257 eius

1039 276 1225 316 comites
1276 275 1488 316 miraculo
1539 275 1599 315 rei
1651 274 1843 320 attoniti,

1041 340 1251 374 caeterum
1283 333 1470 375 Saulum
1499 333 1540 374 se
1569 346 1686 386 aegre
1713 331 1844 372 attol-

1044 391 1210 431 lentem
1238 405 1316 444 per
1343 404 1500 431 manus
1528 391 1572 430 in
1594 391 1748 431 vrbem
1770 390 1844 430 de-

1044 449 1222 490 ducunt.
1285 449 1387 489 Fuit
1419 449 1492 489 ille
1523 448 1720 489 triduum
1754 448 1845 488 Da-

1045 507 1175 547 masci
1205 505 1313 547 nihil
1338 506 1504 547 videns.
1567 505 1770 547 Occurrit
1797 506 1845 545 il-

1043 564 1112 605 luc
1128 564 1329 604 Ananias
1343 564 1506 604 coelesti
1522 563 1699 604 oraculo
1715 563 1845 603 iussus

1044 623 1100 662 ad
1143 636 1244 662 eum
1288 623 1360 663 ire,
1423 621 1535 675 (erat
1572 622 1608 662 is
1643 635 1755 662 vnus
1787 635 1846 661 ex

1045 680 1202 721 Christi
1226 679 1464 733 discipulis>
1486 679 1540 720 ad
1560 679 1682 720 cuius
1705 678 1847 720 acces-

1045 738 1137 778 sum
1153 737 1380 779 confestim
1398 737 1477 777 lux
1497 737 1633 779 Saulo
1650 737 1847 777 restituta

1042 796 1114 837 est.
1176 793 1433 848 D0&usque
1465 796 1521 836 ab
1553 795 1641 844 illo,
1666 795 1787 848 quod
1820 793 1846 835 a

1044 855 1142 894 Deo
1165 854 1335 907 optimo
1358 855 1559 894 maximo
1581 851 1719 894 lectus
1742 852 1846 893 esset

1043 913 1098 953 ad
1115 912 1396 952 christianum
1415 912 1581 965 dogma
1595 924 1844 965 propagan-

1043 970 1162 1018 dum,
1192 970 1345 1023 paucis
1370 969 1538 1018 diebus,
1567 969 1727 1022 quibus
1754 968 1844 1008 Da-

1045 1028 1175 1068 masci
1198 1028 1279 1069 fuit
1301 1041 1401 1068 cum
1424 1027 1646 1080 discipulis
1670 1026 1847 1067 humili-

1043 1092 1110 1126 ter
1124 1086 1329 1132 versatus,
1346 1085 1653 1139 Christumque
1668 1098 1846 1125 nazare-

1045 1157 1150 1183 num
1178 1144 1248 1183 dei
1276 1143 1415 1184 filium
1442 1143 1623 1183 asserere
1654 1142 1846 1191 exorsus,

1045 1201 1273 1241 confestim
1310 1202 1353 1241 in
1391 1201 1432 1241 se
1463 1201 1661 1241 omnium
1694 1199 1846 1240 oculos

1044 1259 1187 1299 vertit.
1260 1259 1412 1299 Mirari
1454 1259 1641 1299 subitam
1684 1258 1728 1298 in
1769 1258 1847 1298 ho-

1046 1317 1164 1357 mine
1187 1317 1479 1357 mutationem
1505 1317 1655 1357 Iudaei.
1699 1315 1845 1356 mirari

1045 1376 1135 1415 vim
1177 1375 1366 1423 dicendi,
1400 1373 1845 1428 extemporalemque

1045 1432 1315 1473 facultatem.
1350 1446 1430 1473 nec
1445 1439 1537 1473 erat
1551 1433 1594 1472 in
1611 1432 1846 1486 synagoga,

1045 1491 1119 1544 qui
1152 1491 1392 1544 disputanti
1425 1490 1486 1530 illi
1519 1490 1740 1538 resisteret,
1775 1503 1845 1529 ac-

1044 1555 1221 1602 ceperat
1258 1549 1375 1589 enim
1408 1548 1604 1602 spiritum
1637 1546 1846 1588 sanffitum.

1045 1608 1159 1647 Mox
1192 1607 1411 1647 Damasco
1441 1604 1675 1660 profectus,
1703 1605 1845 1646 christi

1044 1679 1205 1706 nomen
1248 1665 1380 1718 longe
1422 1664 1599 1718 lateque
1648 1664 1847 1718 predica-

1042 1724 1162 1764 tione
1185 1723 1463 1777 propagauit.

1061 1834 1106 1879 {I
1130 1830 1387 1882 Policazpns
1406 1828 1613 1883 episcopus
1634 1834 1815 1881 martyr.

1294 1888 1438 1928 Lec‘h'o
1460 1885 1614 1929 tertz'af’.

1051 1961 1376 2045 POlycarpus
1429 1961 1610 2002 Ioannis
1661 1959 1845 2014 apostoli

1156 2020 1405 2074 discipulus,
1422 2025 1465 2060 et
1487 2020 1542 2060 ab
1565 2033 1617 2060 eo
1641 2018 1846 2072 Smyrnae

1044 2078 1271 2132 episcopus
1317 2076 1564 2132 praefeffitus
1604 2076 1846 2130 probatissi-

1046 2137 1129 2177 mis
1151 2136 1234 2177 fuit
1256 2136 1463 2184 moribus,
1486 2141 1531 2175 et
1553 2134 1720 2188 ingenti
1743 2135 1846 2175 doc-

1046 2195 1174 2244 trina,
1210 2194 1333 2234 cuius
1371 2193 1598 2246 magistros
1629 2192 1846 2233 habuerat

1046 2252 1282 2293 nonnullos
1342 2251 1653 2304 apostolorum.
1756 2249 1844 2290 Hic

1045 2317 1225 2364 propter
1250 2310 1461 2363 quasdam
1495 2309 1550 2349 de
1576 2309 1647 2348 die
1675 2307 1845 2361 paschae

1047 2368 1353 2409 contentiones
1377 2368 1569 2408 Romam
1592 2367 1714 2407 venit
1734 2371 1845 2406 tem-

1047 2440 1153 2479 pore
1175 2426 1353 2466 Aniceti
1377 2439 1519 2478 papae,
1540 2424 1613 2464 vbi
1637 2422 1799 2464 multos
1821 2421 1847 2463 ὲ,

1043 2484 1269 2524 Valentini
1291 2489 1336 2524 et
1358 2482 1596 2523 Marcionis
1618 2481 1766 2521 haeresl
1788 2482 1844 2522 ad

1046 2540 1210 2582 restam
1234 2541 1367 2582 fidem
1383 2540 1618 2589 reuocauit,
1634 2539 1847 2591 rebusque

1047 2613 1147 2640 cum
1163 2599 1336 2640 aniceto
1350 2597 1599 2651 compositis
1608 2596 1844 2650 Smyrnam

1048 2657 1192 2710 redijt.
1256 2656 1413 2709 Ibique
1453 2669 1532 2707 per
1568 2655 1738 2708 aliquot
1769 2668 1846 2695 an-

1049 2729 1129 2755 nos
1157 2714 1334 2755 ecclesia
1360 2711 1615 2753 sancfftisfime
1641 2711 1845 2752 adminis-

1045 2779 1163 2815 trata
1185 2772 1324 2812 Marci
1347 2771 1518 2824 Aurelij
1543 2769 1844 2824 persecutione

1091 2856 1105 2878 4
1130 2856 1231 2891 iubet
1255 2868 1261 2891 :
1282 2857 1320 2890 P.

1091 2904 1105 2926 5
1131 2904 1190 2938 die
1210 2904 1262 2938 26.
1282 2906 1322 2937 in
1342 2914 1388 2937 m.
