1981 3248
622 135 851 167 SABBATO
881 135 953 166 AD
983 136 1045 167 LA
1056 136 1195 169 UDES.
1702 132 1716 161 1
1728 131 1750 173 7

142 214 474 267 Deuorabitquc
490 219 650 253 terram
669 225 768 252 cum
787 225 882 263 ger-

83 272 200 311 mine
234 272 308 312 suo
342 287 350 312 :
387 278 431 311 et
469 271 686 311 montium
726 270 881 309 funda-

82 336 233 369 menta
264 329 504 369 comburet.

140 386 433 439 Congregabo
461 386 587 438 super
619 398 693 424 eos
722 383 838 424 mala
873 398 880 423 :

81 449 125 484 et
148 444 327 497 sagittas
350 457 470 484 meas
489 442 723 495 complebo
742 443 784 481 in
807 442 880 481 eis.

139 501 463 543 Consumentur
484 501 600 540 fame
626 506 670 540 et
697 500 881 540 deuora—

80 559 192 599 bunt
214 573 289 599 eos
311 573 415 599 aues
441 558 582 598 morsu
608 558 880 605 amarissimo,

139 617 316 657 Dentesv
330 616 562 657 bestiarum
580 615 818 655 immittam
837 615 880 654 in

80 688 155 714 eos
175 690 182 714 :
199 688 300 715 curn
318 674 460 715 furore
474 673 742 714 trahentium
759 672 884 725 super

81 738 257 781 terram,
278 738 412 785 atque
434 731 708 784 serpentium.

142 790 266 830 Foris
300 789 485 830 vastabit
517 802 591 829 eos
623 788 807 841 gladius,
839 794 883 827 et

83 847 199 887 intus
226 861 364 900 pauor
397 863 405 887 ε
439 847 643 886 iuuenem
678 845 800 885 simul
832 859 883 885 ac

82 905 310 958 virginem,
327 902 563 945 &stentem
581 917 681 944 cum
704 903 883 943 homine

84 962 194 1004 sene.

142 1021 202 1061 Et
223 1020 330 1069 dixi,
347 1020 542 1061 Vbinam
565 1019 692 1059 sunt?
724 1019 882 1059 cessare

82 1077 241 1118 faciam
263 1092 321 1119 ex
342 1078 596 1118 hominibus
625 1077 881 1117 memoriam

84 1149 250 1176 eorum.

144 1193 233 1234 Sed
260 1199 440 1246 propter
468 1193 576 1233 iram
606 1192 881 1232 inimicorum

83 1251 227 1291 distuli
243 1265 320 1292 :ne
335 1250 447 1291 forte
462 1250 730 1304 superbirent
739 1249 883 1290 hostes

83 1323 247 1357 eorum,

144 1367 203 1407 Et
224 1367 429 1415 dicerent,
453 1366 615 1406 Manus
637 1364 779 1405 nostra
806 1378 884 1405 ex-

84 1423 195 1464 celsa
219 1440 226 1465 :
251 1430 295 1465 et
316 1437 404 1465 non
427 1423 643 1472 dominus,
666 1423 769 1463 fecit
790 1422 884 1463 haec

84 1482 244 1523 omnia.

145 1539 263 1580 Gens
281 1538 441 1592 absque
459 1538 634 1579 confilio
651 1537 722 1585 est,
740 1544 782 1578 et
798 1537 883 1577 fine

85 1597 317 1650 prudentia
358 1612 365 1637 :
400 1597 568 1637 vtinam
606 1596 804 1648 saperent
840 1602 884 1636 et

84 1655 389 1708 intelligerent,
412 1667 461 1695 ac
485 1654 712 1694 nouissima
737 1654 884 1707 proui-

83 1714 249 1754 derent.

144 1769 384 1824 Quomodo
435 1768 719 1823 persequatur
771 1781 883 1809 vnus

86 1828 206 1868 mille
240 1843 247 1868 :
284 1833 328 1869 et
364 1827 453 1868 duo
489 1826 693 1880 fugarent
728 1827 881 1867 decem

86 1885 224 1926 millia
240 1884 255 1926 ?

145 1943 308 1983 Nonne
348 1942 460 1991 ideo,
497 1942 600 1995 quia
641 1942 750 1982 deus
784 1941 882 1982 suus

84 2001 284 2041 vendidit
317 2014 392 2040 eos
428 2015 436 2040 ε
470 2006 513 2040 et
544 2000 750 2040 dominus
782 2014 883 2039 con-

86 2058 208 2099 clusit
230 2057 327 2098 illos
343 2057 358 2098 ?

143 2117 247 2156 Non
281 2116 397 2156 enim
428 2114 488 2155 est
516 2115 626 2155 deus
654 2114 806 2162 noster,
837 2121 883 2155 vt

84 2173 142 2225 dij
169 2186 319 2213 eorum
342 2188 350 2213 ε
372 2179 416 2213 et
438 2173 600 2213 inimici
630 2172 759 2213 nostri
788 2172 885 2213 sunt

87 2231 262 2271 iudices.

143 2289 213 2329 De
248 2288 377 2329 vinea
417 2287 725 2335 Sodomorum,
758 2287 885 2328 vinea

84 2359 235 2386 eorum
274 2361 282 2386 ;
319 2352 362 2386 et
399 2345 454 2385 de
496 2345 751 2385 suburbanis
797 2345 884 2385 Go-

86 2404 287 2444 morrhae.

143 2462 508 2511 Vuaeorum,vua
523 2459 656 2501 fellis:
673 2466 717 2501 et
732 2460 883 2500 botrus

86 2519 384 2559 amarisfimus.

146 2575 223 2616 Fel
249 2577 490 2616 draconum
513 2575 663 2616 vinum
693 2588 842 2616 eorum
876 2590 884 2617 :

87 2640 130 2674 et
151 2647 368 2674 venenum
392 2633 589 2686 aspidum
613 2633 859 2674 insanabile.

146 2691 306 2731 Nonne
328 2691 422 2731 haec
443 2691 621 2730 condita
644 2690 740 2731 sunt
766 2691 883 2744 apud

89 2762 158 2788 me
182 2764 189 2788 ε
211 2754 254 2788 et
276 2748 442 2800 fignata
465 2748 506 2787 in
524 2748 733 2788 thesauris
753 2749 885 2788 meis?

147 2806 248 2846 Mea
271 2806 330 2845 est
347 2805 454 2845 vltio
476 2811 518 2845 et
541 2819 624 2858 ego
647 2806 883 2846 retribuam

429 2916 439 2937 ¹
468 2917 616 2951 dicent:
642 2917 685 2952 A.

206 2998 240 3027 13.
266 2997 307 3026 N.

950 212 1011 252 eis
1050 212 1091 252 in
1134 217 1346 265 tempore,
1380 218 1426 253 vt
1465 212 1638 253 labatur
1672 226 1750 266 pes

950 283 1122 309 eorum:

1009 327 1144 367 quta
1174 327 1234 367 est
1263 327 1356 367 dies
1386 328 1678 380 perditionis:
1707 332 1750 368 et

949 385 1092 424 adesse
1114 385 1316 425 festinant
1339 391 1550 437 tempora.

1008 442 1227 482 Iudicabit
1278 443 1484 483 dominus
1535 441 1749 496 populum

949 499 1071 540 suum
1106 515 1113 539 :
1148 506 1191 540 et
1224 500 1266 540 in
1299 500 1428 541 seruis
1461 500 1543 541 suis
1580 499 1751 540 misere-

949 557 1078 598 bitur,

1008 615 1192 656 Videbit
1213 616 1332 668 quod
1356 614 1575 656 infirmata
1593 616 1640 656 fit
1660 630 1750 656 ma-

951 686 1032 712 nus
1054 686 1061 712 :
1084 679 1127 713 et
1144 673 1271 713 claufi
1290 687 1466 726 quoque
1483 673 1747 722 defecerunt,

952 730 1194 783 residuique
1215 731 1462 784 consumpti
1486 731 1592 773 sunt.

1012 788 1070 828 Et
1088 787 1236 837 dicet1,
1255 789 1344 829 Vbi
1368 788 1464 829 sunt
1486 789 1543 841 dij
1571 803 1721 829 eorum
1741 805 1749 830 :

951 845 993 885 in
1017 845 1174 898 quibus
1196 846 1422 887 habebant
1444 846 1650 887 fiduciam
1668 846 1682 887 ?

1010 904 1081 944 De
1112 917 1299 956 quorum
1329 903 1518 944 vifflmis
1548 905 1750 946 comede-

951 961 1059 1002 bant
1081 962 1234 1014 adipes
1257 976 1266 1002 :
1291 967 1334 1002 et
1363 962 1576 1003 bibebant
1598 963 1748 1002 vinum

951 1019 1223 1061 libaminum.

1011 1076 1217 1130 Surgam,
1240 1082 1283 1118 et
1311 1076 1584 1130 opitulentur
1613 1077 1751 1127 vobis,

951 1140 994 1175 et
1016 1134 1059 1174 in
1083 1136 1330 1175 necesfitate
1351 1149 1428 1176 vos
1451 1141 1698 1188 protegant,

1007 1192 1169 1233 Videte
1191 1193 1309 1246 quod
1333 1206 1415 1246 ego
1437 1193 1512 1233 slm
1542 1193 1654 1233 solus
1677 1208 1685 1234 :
1707 1199 1751 1233 et

951 1263 1038 1290 non
1061 1249 1110 1290 fit
1132 1250 1241 1290 alius
1264 1250 1372 1291 deus
1395 1256 1555 1303 praeter
1576 1264 1659 1300 me,

1010 1308 1109 1360 Ego
1131 1308 1342 1357 occidam,
1360 1314 1403 1348 et
1421 1322 1503 1361 ego
1520 1308 1666 1349 viuere
1689 1308 1751 1348 fa-

952 1365 1064 1405 ciam
1090 1379 1098 1406 :
1121 1366 1377 1418 percutiam,
1396 1372 1440 1406 et
1458 1380 1541 1419 ego
1564 1366 1724 1406 sanabo
1743 1382 1750 1406 :

952 1430 995 1463 et
1011 1436 1096 1463 non
1116 1423 1185 1472 est,
1203 1424 1277 1477 qui
1292 1424 1347 1464 de
1363 1437 1495 1464 manu
1511 1437 1609 1464 mea
1626 1425 1751 1477 possit

951 1494 1111 1521 eruere.

1010 1537 1191 1579 Leuabo
1208 1539 1263 1579 ad
1282 1538 1443 1579 coelum
1463 1552 1642 1579 manum
1663 1553 1752 1580 me-

950 1609 1021 1636 am
1046 1611 1054 1636 :
1077 1602 1120 1636 et
1137 1597 1296 1644 dicam,
1315 1597 1434 1638 Viuo
1451 1610 1534 1650 ego
1557 1597 1599 1637 in
1627 1603 1751 1637 aeter-

951 1667 1071 1694 num.

1010 1711 1058 1752 Si
1093 1725 1252 1752 acuero
1287 1717 1335 1752 vt
1369 1711 1515 1765 fulgur
1550 1712 1749 1765 gladium

951 1782 1099 1810 meum
1141 1784 1149 1809 ;
1191 1775 1234 1810 et
1275 1769 1504 1823 arripuerit
1541 1770 1749 1810 iudicium

950 1840 1108 1867 manus
1142 1840 1252 1876 mea,

1009 1885 1214 1925 Reddam
1279 1884 1492 1925 vltionem
1557 1884 1751 1926 hostibus

951 1942 1059 1982 meis
1083 1957 1090 1982 z
1112 1948 1156 1982 et
1178 1942 1257 1992 his,
1280 1942 1355 1995 qui
1377 1943 1565 1984 oderunt
1588 1957 1671 1992 me,
1688 1957 1751 1984 re-

951 2000 1155 2041 tribuam.

1010 2057 1245 2098 Inebriabo
1280 2057 1459 2110 sagittas
1496 2071 1617 2098 meas
1659 2058 1751 2099 san-

950 2115 1082 2168 guine
1114 2131 1122 2155 :
1152 2121 1196 2156 et
1224 2115 1398 2168 gladius
1426 2129 1548 2156 meus
1571 2116 1752 2157 deuora-

952 2174 1016 2213 bit
1039 2186 1202 2222 carnes,

1012 2231 1081 2270 De
1117 2243 1267 2270 cruore
1304 2229 1542 2271 occisorum
1577 2246 1584 2271 :
1617 2236 1660 2271 et
1697 2232 1752 2272 de

953 2288 1213 2341 captiuitate
1265 2288 1418 2328 nudati
1475 2289 1752 2329 inimicorum

953 2346 1121 2398 capitis.

1014 2403 1217 2443 Laudate
1239 2409 1394 2456 gentes
1416 2403 1630 2456 populum
1648 2404 1753 2453 eius,

953 2461 1056 2514 quia
1073 2461 1328 2513 sanguinem
1345 2460 1563 2501 seruorum
1581 2461 1751 2502 suorum

954 2518 1189 2567 vlciscetur,

1012 2573 1320 2617 Etvindiffitam
1336 2576 1546 2617 retribuet
1561 2577 1602 2616 in
1612 2577 1754 2618 hostes

954 2646 1104 2674 eorum
1142 2647 1150 2674 ε
1185 2639 1228 2674 et
1264 2634 1479 2687 propitius
1513 2635 1594 2675 erit
1628 2641 1752 2676 tcrrae

955 2691 1105 2744 populi
1129 2691 1200 2732 sui.

1033 2804 1198 2845 Deinde
1222 2803 1499 2845 Benedifflis.
1511 2805 1577 2857 fa.
1605 2805 1654 2857 5².

1181 2917 1192 2936 ²
1217 2917 1303 2951 vide
1322 2928 1354 2962 p.
1371 2927 1399 2951 2.

1618 3000 1638 3027 10
