1916 3243
934 143 998 169 XX

191 255 410 309 quentes¹‚
441 257 585 297 minus
612 256 851 310 opportuni
880 256 1122 297 reddantur
1147 255 1359 296 tentatori
1386 254 1578 304 diabolo,
1609 254 1636 294 s1
1664 268 1739 294 eos

191 325 420 374 inuenerit,
453 332 501 366 vt
533 325 837 378 Hieronymus
872 324 946 373 ait,
975 329 1230 377 occupatos,
1261 329 1305 363 et
1338 322 1364 363 a
1392 323 1737 375 cogitationibus

191 396 458 436 caducarum
482 409 625 436 rerum
656 395 839 436 subinde
868 394 1055 443 auocati,
1087 392 1457 446 contemplationi
1486 393 1737 433 diuinarum

192 464 441 505 assuescant.
503 464 666 512 Tertia,
695 470 742 505 vt
772 462 993 516 religionis
1025 476 1202 515 quoque
1236 461 1369 501 futuri
1405 461 1597 514 magistri
1630 475 1740 514 quo-

192 533 361 573 tidiana
383 532 512 572 sacrae
535 532 758 585 scripturae
782 537 825 571 et
848 530 1229 571 ecclesiasticarum
1252 529 1526 569 historiarum
1550 526 1738 569 lestione

193 602 462 649 erudiantur,
494 598 944 653 compleG'ffinturque,
969 604 1016 639 vt
1048 597 1209 639 Paulus
1241 598 1314 648 ait,
1340 611 1454 645 eum,
1485 597 1559 651 qui
1589 597 1738 637 secun-

193 670 299 710 dum
337 669 586 711 doffitrinam
620 670 690 718 est,
724 669 900 709 fidelem
939 668 1183 709 sermonem
1222 673 1266 707 et
1303 672 1510 720 potentes
1548 667 1628 707 fint
1660 680 1738 707 ex-

195 739 358 780 hortari
394 740 436 779 in
474 737 676 780 do&rina
710 738 822 787 sana,
858 743 901 778 et
936 751 1022 786 eos,
1053 737 1128 790 qui
1163 743 1316 777 contra
1348 736 1511 785 dicunt,
1545 750 1739 789 arguere.

198 810 256 849 Et
284 807 483 862 proftho
511 808 538 848 si
568 808 666 861 quis
693 808 878 847 modum
907 806 1115 860 precandi
1144 806 1250 846 olim
1280 820 1305 847 a
1335 806 1576 846 maioribus
1604 806 1740 846 tradi-

196 884 292 916 tum
326 877 561 929 diligenter
594 876 864 929 consyderet‚
895 875 1053 916 horum
1086 876 1286 916 omnium
1319 876 1375 916 ab
1408 876 1505 929 ipfis
1537 875 1738 915 habitam

195 948 279 988 esse
307 948 523 987 rationem
552 946 781 986 manifesto
809 945 1123 998 deprehendet.
1188 946 1277 987 Sed
1306 944 1472 986 fa6³mm
1507 945 1567 986 est
1596 945 1739 985 nescio

195 1031 283 1070 quo
321 1015 453 1070 pa&o
489 1016 720 1056 hominum
756 1015 1040 1068 negligentia,
1073 1021 1121 1056 vt
1154 1015 1371 1068 paulatim
1411 1014 1436 1055 a
1470 1013 1738 1055 san6³dss1mis

196 1086 280 1126 illis
317 1092 514 1126 veterum
553 1092 729 1139 patrum
772 1085 979 1125 institutis
1016 1084 1320 1125 discederetur.
1385 1085 1503 1125 Nam
1546 1085 1737 1138 primum

196 1156 292 1196 libri
321 1156 449 1195 sacrae
483 1155 716 1208 scrspturae,
743 1155 816 1208 qui
850 1155 970 1195 statis
1003 1155 1106 1194 anni
1140 1155 1414 1207 temporibus
1447 1161 1571 1195 erant
1602 1153 1739 1208 perle-

196 1225 342 1277 gendi,
370 1225 446 1265 vix
480 1225 585 1264 dum
616 1225 799 1277 incoepti
832 1238 857 1264 a
890 1225 1172 1276 precantibus
1206 1225 1613 1277 praetermittuntur.
1675 1224 1740 1264 Vt

196 1293 406 1346 exemplo
441 1293 524 1333 esse
559 1292 748 1345 possunt2
770 1293 881 1333 liber
916 1293 1105 1343 Genesis,
1140 1294 1214 1346 qui
1251 1294 1457 1346 incipitur
1490 1294 1532 1333 in
1569 1293 1739 1346 septua-

196 1361 368 1414 gesima,
406 1367 450 1401 et
493 1361 603 1402 liber
638 1361 774 1410 Isaiae,
807 1361 881 1414 qui
915 1361 957 1401 in
992 1362 1202 1409 aduentu,
1234 1375 1422 1414 quorum
1459 1361 1537 1401 vix
1574 1359 1740 1413 singula

196 1431 389 1484 capitula
412 1430 691 1484 perlegimus,
715 1445 765 1470 ac
789 1431 946 1471 eodem
970 1431 1105 1471 modo
1128 1437 1288 1471 caetera
1309 1431 1467 1471 veteris
1490 1429 1740 1471 testamenti

195 1501 421 1541 volumina
453 1501 734 1554 degustamus
766 1501 918 1553 magis,
941 1514 1074 1553 quam
1104 1500 1302 1553 legimuS,
1326 1513 1404 1539 nec
1434 1499 1553 1539 secus
1581 1499 1741 1539 accidit

198 1570 240 1609 in
272 1569 514 1622 euangelia,
542 1576 586 1610 et
613 1570 826 1622 reliquam
856 1569 1112 1622 scripturam
1142 1569 1245 1609 noui
1269 1568 1528 1618 testamenti,
1552 1581 1740 1621 quorum

199 1638 240 1677 in
271 1638 368 1677 loco
399 1637 685 1677 successerunt
711 1637 808 1685 alia,
838 1651 917 1676 nec
950 1637 1139 1677 vtilitate
1168 1651 1268 1677 cum
1301 1636 1379 1684 his,
1410 1651 1491 1677 nec
1522 1636 1742 1689 grauitate

199 1707 512 1759 comparanda,
560 1720 660 1758 quae
715 1705 914 1758 quotidie
962 1706 1205 1758 agitatione
1254 1705 1415 1758 linguae
1467 1705 1740 1758 magisquam

199 1776 442 1815 intentione
473 1776 634 1815 mentis
664 1774 948 1815 inculcantur.
1012 1775 1187 1815 Deinde
1216 1774 1481 1827 psalmorum
1515 1774 1741 1827 plerisque,

199 1845 274 1897 qui
307 1844 485 1897 fingulis
517 1844 812 1884 hebdomadae
843 1844 997 1884 diebus
1024 1849 1148 1884 erant
1174 1844 1388 1892 destinati,
1411 1841 1591 1891 reiefifis,
1614 1843 1742 1896 pauci

199 1914 381 1967 quidam
411 1920 508 1954 toto
540 1914 627 1953 fere
654 1928 770 1953 anno
792 1920 1060 1966 repetuntur.
1122 1914 1262 1954 Tum3
1284 1913 1471 1954 historiae
1494 1911 1742 1953 san&orum

200 1990 290 2023 tam
316 1982 490 2031 inculte,
514 1989 556 2022 et
580 1989 671 2022 tam
696 1982 936 2035 negligenti
960 1982 1121 2022 iudicio
1145 1982 1314 2035 scriptae
1345 1982 1561 2034 leguntur,
1583 1988 1630 2023 vt
1661 1996 1741 2022 nec

201 2050 509 2092 auetoritatem
533 2051 696 2091 habere
718 2051 952 2091 videantur
979 2065 1060 2091 nec
1088 2052 1367 2104 grauitatem.
1428 2050 1619 2091 Accedit
1647 2056 1740 2091 tam

200 2121 440 2175 perplexus
470 2122 590 2171 ordo,
620 2128 802 2174 tamque
830 2120 1018 2161 difficilis
1051 2121 1260 2174 precandi
1290 2121 1414 2170 ratio,
1442 2127 1490 2161 Vt
1520 2121 1742 2160 interdum

203 2191 339 2232 Paulo
377 2191 520 2231 minor
556 2205 690 2244 opera
732 2191 775 2230 in
817 2191 1080 2244 inquirendo
1122 2196 1324 2243 ponatur,
1363 2203 1495 2243 quam
1539 2203 1638 2230 cum
1681 2190 1744 2229 in-

202 2261 372 2301 ueneris
409 2261 453 2300 in
491 2261 692 2313 legendo.
756 2259 928 2313 Quibus
971 2261 1099 2300 rebus
1143 2260 1467 2308 animaduersis,
1502 2259 1638 2299 felicis
1680 2273 1744 2300 re-

201 2330 468 2371 cordationis
499 2330 704 2371 Clemens
727 2330 843 2370 .VH.
869 2329 1078 2370 Pontifex
1102 2329 1331 2369 Maximus
1358 2342 1457 2368 cum
1481 2328 1745 2381 intelligeret

202 2399 330 2451 officij
372 2398 431 2438 sui
469 2399 563 2447 esse,
600 2412 699 2438 cum
738 2398 925 2439 aliorum
965 2397 1309 2438 Christianorum
1352 2397 1744 2438 commoditatibus

203 2469 455 2522 prospicere,
480 2475 575 2509 tum
599 2468 643 2508 in
665 2468 817 2521 primis
844 2468 1112 2517 clericorum,
1135 2468 1294 2520 quibus
1326 2466 1529 2507 ministris
1551 2473 1746 2507 vteretur

202 2539 245 2578 in
279 2538 504 2578 commisso
536 2538 610 2578 fibi
647 2552 780 2591 grege
818 2538 1189 2578 administrando:
1233 2551 1303 2577 me
1335 2536 1536 2576 hortatus
1569 2536 1638 2585 est,
1672 2551 1745 2577 ne-

202 2607 466 2660 gociumque
495 2607 631 2655 dedit,
658 2613 706 2647 vt
734 2613 950 2660 quantum
980 2621 1083 2647 cura
1113 2612 1156 2646 et
1190 2606 1419 2659 diligentia
1453 2605 1532 2645 niti
1567 2606 1745 2659 possem,

203 2690 353 2729 preces
386 2676 580 2716 horarias
610 2691 661 2716 ea
691 2677 859 2717 ratione
890 2676 1177 2730 disponerem,
1201 2681 1247 2716 vt
1277 2675 1468 2723 sublatis,
1499 2688 1608 2727 quas
1638 2675 1745 2723 dixi,

203 2744 535 2785 difficultatibus
558 2751 601 2785 et
623 2744 874 2798 dispendijs,
897 2744 1042 2785 clerici
1066 2745 1303 2784 maioribus
1334 2744 1467 2784 etiam
1497 2744 1744 2784 commodis

204 2815 259 2854 ad
302 2814 571 2867 precandum
615 2814 901 2854 allicerentur.
980 2814 1126 2866 Quam
1169 2827 1252 2866 ego
1293 2812 1565 2866 prouinciam
1610 2812 1744 2851 liben-

268 2930 271 2932 ’
305 2935 313 2954 ¹
342 2935 571 2979 alloquentes
603 2947 609 2969 ε
640 2936 681 2969 R.
706 2937 741 2968 P.
937 2935 949 2955 '2
976 2936 1117 2979 possent
1140 2946 1145 2969 :
1166 2936 1208 2968 A.
1403 2934 1415 2954 r,
1442 2935 1548 2968 Tunc
1573 2947 1578 2967 :
1602 2935 1637 2967 P.
