1981 3248
201 136 280 185 184

200 219 859 273 Constantinoimperatore‚qui
875 217 1003 259 chris-

200 283 333 322 tianae
382 279 604 332 religionis
648 284 741 319 tam
792 276 1006 317 studiosus

203 340 299 388 fuit,
337 344 385 379 vt
426 350 514 377 non
558 336 645 377 alio
687 348 822 388 quam
865 334 1005 374 crucis

207 397 327 450 signo
349 396 393 436 in
416 394 543 436 bellis
564 400 770 442 vteretur,
792 391 911 445 quod
945 392 1008 431 in-

208 455 349 495 stante
390 466 550 506 pugna,
594 466 682 505 qua
725 450 1008 491 Maxentium

209 519 449 565 tyrannum
508 510 683 556 deuicit‚
735 523 794 549 ex
845 507 1011 548 lumine

210 568 376 610 fa&um
410 568 497 622 ipse
527 574 570 608 et
598 567 819 608 exercitus
840 566 1012 606 viderat

211 628 325 669 coelo
349 627 498 667 sereno
521 626 636 666 circa
666 625 896 665 meridiem
927 622 1012 663 sole

210 685 471 732 declinante,
494 683 562 723 his
589 683 734 723 verbis
757 682 1011 734 inscriptum

214 743 502 785 Constantine
520 742 563 781 in
586 741 670 781 1106
683 741 820 789 vince,
835 737 1014 779 31161016

216 802 466 843 Sozomeno
498 800 541 839 in
576 799 797 852 tripartita
828 797 1014 838 historia.

214 860 289 912 qui
334 858 571 899 Eusebium
614 856 759 897 testari
803 855 933 895 refert
975 854 1016 894 se

216 916 555 959 Constantinum
586 915 775 955 eundem
807 912 1016 953 audiuisse

215 989 316 1015 cum
339 975 382 1014 id
401 973 549 1027 palam
568 972 717 1013 multis
736 972 923 1012 referret.
959 970 1017 1010 Et

216 1032 495 1073 iureiurando
532 1030 822 1071 confirmaret.
870 1028 1016 1082 Quam

216 1090 486 1132 occasionem
510 1086 665 1129 1138015
694 1086 928 1140 Syluester,
956 1100 1018 1126 re-

218 1147 323 1190 11610
358 1145 541 1189 5013616
575 1152 739 1194 monte,
761 1159 850 1198 quo
879 1144 1021 1184 fuerat

218 1206 243 1247 a
294 1206 493 1259 tyrannis
546 1204 768 1256 relegatus
827 1203 1018 1242 Romam

218 1265 349 1313 venit,
367 1263 792 1314 Constantinumque
806 1261 919 1300 bene
934 1260 1021 1299 iam

220 1323 263 1362 in
289 1321 545 1363 christianos
567 1321 812 1360 animatum
845 1331 1023 1370 promp-

219 1381 377 1421 tiorem
420 1378 624 1426 reddidit,
660 1378 715 1417 ad
758 1377 926 1429 optime
968 1376 1023 1415 de

220 1437 399 1479 ecclesia
421 1437 491 1477 dei
510 1436 779 1476 merendum.
816 1435 1023 1485 Longum

220 1497 373 1549 vtique
414 1495 529 1543 esset,
568 1493 798 1542 recensere,
841 1505 938 1544 quae
982 1497 1025 1531 et

221 1560 387 1607 quanta
408 1553 464 1593 ad
484 1551 651 1592 cultum
670 1551 739 1591 dei
759 1549 1025 1603 pertinentia

223 1613 418 1665 optimus
443 1611 682 1663 imperator
705 1609 798 1649 eius
822 1608 941 1648 suasu
966 1607 1025 1646 se-

224 1671 341 1710 cerit.
383 1668 728 1709 Constitutiones
751 1673 900 1706 autem
927 1664 1026 1717 Syl-

223 1728 350 1768 uestri
366 1727 572 1780 precipue
588 1725 828 1774 fuerunt‚vt
843 1723 1027 1764 chrisma

224 1786 280 1826 ab
332 1785 536 1838 episcopo
588 1790 761 1823 tantum
805 1781 1025 1821 consecra-

225 1851 352 1883 retur.
406 1842 468 1882 Vt
492 1841 765 1894 baptizatum
795 1839 1027 1880 chrismate

225 1902 350 1941 liniat
387 1899 617 1953 presbyter
654 1898 840 1938 instante
875 1903 1028 1940 morte.

225 1959 287 2000 Vt
324 1958 506 1999 clericus
539 1958 581 1996 in
625 1957 744 1996 curia
782 1954 930 1996 causas
973 1968 1028 1994 ne

225 2022 340 2069 agat,
385 2029 495 2055 neve
537 2021 640 2054 ante
683 2013 873 2054 iudicem
907 2012 1025 2052 secu-

227 2075 363 2115 larem
401 2073 575 2113 causam
610 2072 739 2112 dicat.
803 2071 1028 2111 Diaconus

228 2134 271 2172 in
296 2131 472 2172 ecclesia
501 2129 753 2170 celebrandi
783 2128 911 2169 causa
937 2128 1029 2168 dal-

230 2190 392 2230 matica
426 2189 646 2237 induatur,
684 2194 727 2228 et
763 2187 882 2240 palla
920 2186 1029 2226 lino-

229 2248 356 2288 stima
392 2246 491 2287 leua
532 2246 625 2286 eius
665 2251 851 2298 tegatur.
915 2244 1028 2285 Cum

229 2312 378 2346 autem
394 2305 437 2344 in
447 2303 712 2344 Pontificatu
721 2316 859 2343 annos
870 2301 995 2354 ,xxiij
1007 2300 1029 2342 ¹.

231 2363 399 2404 menses
433 2377 488 2403 .X.
522 2362 615 2401 dies
649 2359 1032 2414 xj.San5tiss1me

230 2421 416 2469 vixisset,
458 2426 657 2460 mortuus
700 2419 743 2458 in
776 2418 1031 2458 coemeterio

231 2479 435 2520 Priscillae
476 2479 547 2518 via
590 2474 779 2518 Salaria²
829 2475 1033 2529 sepelitur

230 2538 369 2591 pridie
391 2535 600 2576 calendas
624 2533 828 2587 Ianuarij.

231 2657 275 2701 εἷ
309 2653 492 2706 mezi,
542 2652 761 2700 orationes,
821 2658 862 2692 et
920 2650 1035 2691 imei-

288 2711 449 2751 z‘atom'a
468 2710 645 2750 dicenda
661 2710 706 2750 2'72
717 2709 1035 2763 festiniz‘alz'bus

276 2769 530 2821 sanfflomcm
562 2768 716 2820 quibus
735 2767 918 2820 propria
952 2780 1033 2806 72072

287 2827 565 2880 assignantur.

488 2962 499 2983 ¹
527 2961 635 3005 xxiiij.
659 2962 695 2995 P.

728 141 981 175 COMMVNE
1014 143 1245 176 SANCTOR
1255 146 1332 177 VM.

1076 224 1120 269 ΙΙ
1159 220 1389 263 Commune
1403 222 1679 275 apostolorum
1696 228 1737 262 et
1751 234 1879 261 euan-

1340 280 1433 333 gelz'
1496 294 1606 324 rum,

1183 369 1265 410 Ad
1291 370 1493 423 vesperas.
1552 370 1766 423 Hymnus

1101 461 1371 517 '173Xultet
1440 460 1602 501 coelum
1664 460 1881 508 laudibus,

1107 510 1195 548 [Α
1244 519 1442 560 Resultet
1492 526 1608 560 terra
1658 519 1831 572 gaudijs
1875 533 1883 559 ε

1082 577 1398 632 Apostolorum
1480 577 1666 630 gloriam
1748 576 1884 618 Sacra

1083 642 1246 678 canunt
1269 635 1472 676 solennia.

1140 695 1233 736 Vos
1256 693 1353 733 secli
1377 693 1471 733 iusti
1502 692 1679 742 iudices,
1702 692 1761 733 Et
1782 706 1885 733 vera

1085 753 1238 793 mundi
1275 751 1445 791 lumina
1484 751 1613 791 Votis
1655 764 1886 803 precamur

1088 811 1298 852 Cordium
1341 824 1349 849 :
1391 808 1560 849 Audite
1601 822 1752 862 preces
1789 808 1886 862 sup-

1086 869 1261 922 plicum.

1146 926 1234 980 Qui
1287 925 1448 966 coelum
1495 924 1630 965 verbo
1671 924 1888 972 clauditis,

1088 984 1284 1037 serasque
1332 984 1424 1023 eius
1466 982 1631 1023 soluitis
1676 996 1684 1023 ε
1728 983 1823 1022 Nos
1864 981 1890 1022 a

1089 1043 1280 1096 peccatis
1324 1041 1530 1081 omnibus
1569 1039 1740 1081 Soluite
1782 1040 1888 1081 iussu

1089 1100 1350 1154 quaesumus.

1151 1158 1351 1211 Quorum
1408 1162 1632 1210 praecepto
1693 1155 1891 1196 subditur

1093 1217 1234 1264 Salus,
1293 1221 1336 1255 et
1392 1214 1578 1267 languor
1628 1214 1826 1254 omnium
1884 1229 1892 1254 :

1092 1274 1240 1314 sanate
1270 1286 1410 1326 aegros
1443 1272 1636 1312 moribus
1669 1272 1764 1312 Nos
1797 1272 1892 1313 red-

1093 1333 1247 1373 dentes
1271 1331 1513 1372 virtutibus.

1151 1390 1212 1430 Vt
1235 1403 1334 1429 cum
1354 1390 1489 1429 iudex
1507 1388 1737 1428 aduenerit
1753 1387 1893 1429 Chris-

1094 1455 1164 1489 tus
1188 1449 1229 1487 in
1254 1447 1339 1487 fine
1363 1447 1503 1496 seculi,
1526 1446 1621 1485 Nos
1644 1446 1894 1499 sempiterni

1096 1505 1245 1560 gaudij
1270 1505 1403 1546 faciat
1426 1505 1509 1545 esse
1531 1510 1774 1557 compotes.

1155 1564 1253 1603 Deo
1296 1564 1409 1616 patri
1441 1563 1490 1603 sit
1521 1562 1670 1615 gloria,
1704 1562 1896 1615 Eiusque

1097 1622 1171 1662 soli
1224 1621 1313 1661 filio
1366 1621 1480 1662 Cum
1544 1621 1708 1674 Spiritu
1771 1635 1896 1673 para-

1096 1680 1210 1720 cleto
1246 1680 1303 1719 Et
1334 1693 1448 1720 nunc
1471 1685 1514 1719 et
1544 1679 1585 1718 in
1617 1685 1893 1732 perpetuum.

1096 1738 1256 1778 Amen.

1098 1861 1141 1905 d]
1175 1857 1257 1898 Ad
1284 1857 1548 1897 matutinum
1580 1856 1896 1898 2'722t2‘2‘at07‘2'2c7n.

1157 1944 1328 1997 Regem
1352 1943 1648 1997 apostolorum
1666 1944 1895 1985 dominum

1097 2003 1244 2043 venite
1267 2003 1512 2042 adoremus.

1393 2110 1607 2163 Hymnus.

1102 2186 1331 2267 AEterna
1341 2186 1497 2227 Christi
1514 2200 1695 2226 munera
1710 2186 1898 2239 Aposto-

1220 2244 1361 2284 lorum
1395 2244 1580 2297 gloriam
1619 2245 1796 2284 Laudes
1829 2258 1899 2285 ca-

1102 2309 1257 2343 nentes
1294 2302 1467 2342 debitas
1512 2302 1647 2342 Laetis
1689 2315 1900 2343 canamus

1102 2360 1335 2401 mentibus.

1162 2417 1450 2458 Ecclefiarum
1507 2418 1737 2471 principes,
1792 2417 1899 2458 Belli

1102 2475 1413 2528 Triumphales
1440 2475 1585 2524 duces,
1608 2475 1805 2517 Coelestis
1828 2489 1901 2515 au-

1103 2534 1157 2574 1ae
1198 2534 1369 2582 milites,
1408 2534 1468 2573 Et
1508 2547 1611 2574 vera
1648 2533 1800 2573 mundi
1838 2533 1902 2573 lu—

1105 2593 1235 2632 mina.

1164 2650 1340 2689 Deuota
1382 2647 1629 2689 sandorum
1672 2648 1792 2697 fides,
1831 2648 1900 2687 In-

1105 2706 1223 2747 ui5ta
1260 2707 1353 2759 spes
1391 2707 1675 2755 credentium,
1709 2703 1903 2746 Perfecta

1106 2765 1262 2806 Christi
1294 2765 1482 2804 charitas
1517 2780 1525 2804 :
1562 2764 1719 2805 Mundi
1751 2764 1903 2804 trium-

1108 2823 1216 2876 phat
1238 2822 1497 2876 principem.

1271 2957 1283 2978 2
1309 2958 1441 2992 safaria
1460 2971 1465 2992 1
1488 2960 1525 2992 P.
