1981 3248
866 158 896 189 A
902 158 1077 191 PRILJS.

134 234 402 275 delatoribus
458 233 688 287 propofita.
771 233 822 274 In
884 247 935 274 ea

133 292 265 344 igitur
315 292 645 332 christianorum
688 291 933 344 tranquilli-

134 355 227 390 tate
248 349 514 402 Apollonius
540 348 565 389 a
582 349 702 389 seruo
719 349 931 402 proditus,

133 413 177 448 et
198 408 316 460 apud
348 407 608 447 Perennium
642 407 830 446 iudicem
864 420 933 446 ac-

133 464 318 513 cusatus,
346 464 447 505 fidei
475 465 558 504 suae
592 464 807 504 rationem
838 464 932 504 red-

134 522 236 562 dere
277 523 450 563 iubetur
486 522 658 575 sumpta
700 535 833 574 poena
874 521 932 561 le-

132 580 288 632 gitima
320 580 375 620 de
397 580 518 620 seruo
547 579 756 620 delatore.
818 579 930 620 Cum

132 651 236 690 ergo
268 638 431 691 infigne
466 637 671 678 volumen
707 637 749 677 in
781 636 932 677 defen—

132 695 293 736 fionem
354 695 597 735 christianae
658 694 759 735 fidei
815 693 840 735 a
890 694 931 735 se

132 753 420 807 compositum
438 754 481 793 in
501 752 650 793 senatu
674 751 850 805 publice
872 751 931 792 le-

132 811 266 863 gisset,
285 811 457 851 senatus
480 810 677 850 consulto
695 811 931 850 damnatus

130 868 214 908 est:
236 875 279 908 et
301 882 380 921 pro
405 868 560 909 Christi
583 867 796 908 constanti
827 881 930 907 con-

130 925 304 966 fessione
347 926 491 978 capite
542 932 768 966 truncatus
809 924 928 977 xiiij.

130 983 335 1024 calendas
360 983 477 1035 Maij.
542 984 640 1023 Lex
674 984 791 1023 enim
824 989 927 1032 erat,

132 1041 201 1081 Ne
244 1041 459 1082 christiani
512 1039 615 1082 facffi
667 1041 726 1081 rei
769 1040 930 1093 absque

132 1098 287 1140 Christi
324 1099 619 1152 abnegatione
657 1098 930 1139 dimitteren-

128 1162 207 1197 tur.

251 1253 295 1298 (ἶ
332 1250 465 1293 Caius
482 1257 600 1303 papa
627 1257 808 1304 martyr.

399 1308 544 1349 Lectio
564 1306 660 1362 .z'z'j¹.

131 1383 320 1467 CAius
358 1398 474 1438 papa
515 1384 694 1423 natione
731 1382 928 1423 dalmata

235 1455 374 1494 genus
404 1441 429 1482 a
451 1441 715 1482 diocletiano
742 1441 928 1493 impera-

127 1505 221 1539 tore
259 1500 433 1540 ducens.
496 1499 649 1547 Probo,
683 1512 733 1538 ac
768 1499 927 1539 deinde

130 1557 250 1605 Caio,
291 1564 334 1598 et
387 1557 547 1598 Carino
589 1556 926 1609 imperatoribus

127 1615 301 1667 praefuit
350 1614 548 1655 ecclefiae.
614 1614 700 1654 Hic
752 1614 926 1654 ordines

127 1672 338 1721 distinxit,
389 1673 547 1725 quibus
598 1671 817 1725 gradatim
870 1671 925 1711 ad

127 1730 423 1784 episcopatum
448 1730 759 1770 ascenderetur.
806 1727 923 1782 Quo-

126 1802 221 1828 rum
272 1789 462 1841 primum
515 1793 636 1828 tenet
686 1786 924 1835 hostiarius,

126 1845 313 1886 alterum
365 1845 513 1894 lector,
561 1852 655 1885 tum
699 1844 925 1895 exorcista,

127 1903 317 1957 sequitur
371 1903 568 1951 acolitus,
624 1902 924 1951 subdiaconus,

125 1961 348 2010 diaconus,
394 1961 633 2014 presbyter,
687 1960 923 2013 episcopus.

128 2019 251 2059 Idem
306 2019 538 2067 constituit,
585 2018 655 2058 Ne
706 2018 773 2058 cui
826 2032 924 2071 pro-

125 2076 273 2130 phano
344 2077 471 2117 sacris
542 2076 775 2124 initiatum,
844 2089 925 2115 nec

126 2148 301 2187 pagano
361 2134 429 2174 vel
500 2133 708 2173 haeretico
775 2133 924 2174 liceret

126 2191 405 2232 christianum
457 2191 683 2231 hominem
727 2190 769 2230 in
813 2191 923 2231 iudi-

125 2249 239 2289 cium
271 2263 437 2290 vocare.
500 2248 721 2289 Postremo
750 2254 845 2288 orta
879 2248 921 2288 in

125 2306 377 2347 christianos
414 2313 612 2359 tempore
656 2305 922 2345 Diocletiani

124 2364 421 2417 persecutione
472 2364 680 2411 maxima,
727 2376 825 2403 cum
879 2363 921 2403 in

125 2422 412 2463 subterraneis
436 2422 542 2462 locis
572 2422 646 2461 diu
670 2421 811 2461 vitans
844 2421 922 2460 im-

124 2480 297 2532 piorum
325 2480 513 2519 furorem
547 2478 744 2528 latuisset,
767 2484 922 2531 captus

124 2536 149 2577 a
191 2537 534 2589 persecutoribus
570 2550 656 2576 vna
697 2549 797 2576 cum
836 2536 922 2577 Ga-

124 2594 245 2635 binio
267 2595 409 2643 fratre,
424 2594 599 2647 eiusque
631 2593 719 2634 filia
743 2593 923 2633 susanna

124 2652 334 2705 martyrio
366 2659 601 2693 coronatur
629 2666 681 2692 .Χ.
716 2651 921 2691 calendas

125 2709 246 2762 Maij,
269 2716 311 2750 et
334 2710 376 2749 in
406 2709 658 2750 coemeterio
683 2708 829 2750 Calisti
852 2709 922 2748 via

122 2767 274 2820 Appia
330 2767 543 2820 sepelitur.
597 2780 696 2808 cum
754 2766 921 2806 sedisset

194 2874 203 2895 ¹
231 2875 291 2909 die
311 2885 375 2908 .22.
397 2876 437 2908 in
456 2887 500 2908 m.

191 2922 203 2941 2
230 2922 401 2966 wtsupra
421 2935 433 2956 .·
451 2922 531 2955 add.
556 2922 594 2954 Α.

192 2967 205 2988 3
231 2969 291 3003 die
309 2977 373 3013 .25.
395 2970 434 3001 in
455 2980 498 3002 m.

1728 159 1802 202 125

1002 248 1142 300 annos
1173 235 1245 288 .xj.
1280 237 1460 281 menses,
1491 245 1679 292 quatuor
1710 240 1802 282 dies

1001 306 1091 345 ‚x1j.

1001 391 1045 435 ΙῙ
1079 388 1263 430 Marcus
1316 391 1362 431 E
1364 392 1540 445 uangeli
1572 408 1598 434 a
1653 395 1807 448 duplex

1048 447 1211 495 maius.
1272 448 1355 488 Ad
1391 450 1581 502 vesperas
1619 459 1661 492 et
1697 453 1801 493 lisa—

1058 504 1248 545 tutz‘num
1300 506 1355 545 H
1341 508 1473 558 ymm'
1509 514 1551 548 et
1588 509 1801 551 [unitate-

1056 561 1173 602 rium
1233 563 1438 605 dicuntur
1487 566 1537 606 de
1586 570 1802 609 communi

1058 619 1354 673 Apostolorum
1362 621 1385 662 ².
1451 622 1611 666 Oratio.

1006 693 1196 774 DEus,
1241 696 1314 748 qui
1365 697 1545 738 beatum
1599 699 1798 742 Marcum

1121 752 1447 806 Euangelistam
1499 762 1625 797 tuum
1668 771 1800 798 euan—

995 808 1147 861 gelicae
1170 812 1480 863 predicationis
1509 815 1650 867 gratia
1673 815 1799 856 subli-

998 866 1134 916 masti,
1157 868 1300 909 tribue
1322 870 1580 922 quaesumus.
1605 874 1696 913 eius
1719 888 1798 914 nos

998 923 1166 977 semper
1206 933 1249 966 et
1291 928 1537 969 eruditione
1578 931 1798 982 proficere,

997 987 1040 1022 et
1063 983 1261 1024 oratione
1284 985 1478 1027 defendi:
1513 987 1603 1028 Per.

1227 1080 1371 1122 Lemo
1403 1082 1562 1125 tertia?

1008 1152 1099 1234 NJ
1114 1153 1258 1195 Arcus
1272 1156 1507 1210 discipulus
1523 1165 1566 1199 et
1584 1159 1797 1213 interpres

1007 1206 1028 1234 Α
1145 1213 1272 1262 Petri,
1304 1217 1682 1267 quemadmodum
1719 1219 1797 1259 Pe-

996 1274 1111 1309 trum
1164 1270 1425 1313 referentem
1475 1275 1684 1323 audierat,
1727 1290 1795 1316 ro-

995 1332 1125 1378 gatus
1164 1328 1322 1369 Romae
1364 1329 1389 1370 a
1425 1330 1631 1373 fratribus
1665 1333 1796 1375 breue

996 1383 1155 1437 scripsit
1177 1388 1468 1440 euangelium.
1533 1389 1664 1443 Quod
1695 1405 1794 1433 cum

997 1442 1149 1483 Petrus
1207 1445 1400 1493 audisset,
1454 1448 1686 1499 probauit:
1751 1456 1794 1490 et

995 1500 1182 1541 ecelefiae
1220 1501 1454 1555 legendum
1498 1504 1571 1545 sua
1608 1504 1795 1547 auctori-

994 1563 1085 1598 tate
1118 1559 1267 1609 edidit,
1297 1566 1344 1601 vt
1377 1561 1557 1602 testatur
1589 1563 1793 1605 Clemens

994 1615 1226 1669 presbyter
1261 1618 1448 1659 ecclefiae
1480 1619 1792 1664 alexandrinae.

995 1673 1171 1714 Marcus
1222 1675 1354 1728 igitur
1403 1677 1632 1731 assumpto,
1675 1681 1794 1732 quod

994 1730 1227 1783 scripserat,
1259 1734 1491 1787 euangelio
1523 1738 1717 1788 perrexit
1750 1739 1792 1778 in

994 1788 1268 1842 Aegyptum,
1312 1798 1355 1831 et
1404 1793 1570 1844 primus
1611 1795 1792 1836 alexan-

995 1846 1100 1886 driae
1132 1847 1348 1889 Christum
1382 1852 1665 1898 annuncians
1690 1867 1792 1893 con-

994 1903 1130 1945 stituit
1168 1906 1390 1947 ecclesiam
1425 1914 1550 1949 tanta
1582 1908 1792 1961 dofftrina,

993 1968 1036 2002 et
1078 1963 1180 2002 vitae
1221 1965 1504 2014 continentia,
1545 1973 1592 2007 vt
1637 1982 1791 2009 omnes

993 2017 1224 2061 sectatores
1256 2022 1410 2063 Christi
1444 2024 1500 2063 ad
1533 2025 1790 2079 exemplum

993 2077 1053 2117 sui
1095 2085 1280 2131 cogeret.
1344 2080 1546 2121 Tandem
1584 2096 1683 2123 cum
1722 2098 1790 2124 ec-

991 2135 1162 2175 clesiam
1184 2134 1210 2176 a
1240 2136 1280 2177 se
1312 2139 1479 2190 optime
1508 2140 1789 2181 constitutam

991 2190 1091 2232 oc'to
1133 2207 1273 2234 annos
1311 2194 1565 2237 san&iss1me
1603 2199 1788 2249 rexisset,

991 2250 1153 2290 ibidem
1185 2258 1383 2293 mortuus
1418 2253 1488 2303 est,
1519 2260 1561 2294 et
1596 2255 1788 2308 sepultus

991 2307 1073 2359 ‚vij.
1109 2307 1314 2349 calendas
1353 2310 1473 2362 Maij.
1506 2318 1664 2352 octauo
1701 2313 1788 2354 Ne-

991 2365 1108 2404 ronis
1137 2380 1265 2407 anno.
1332 2367 1502 2421 Corpus
1525 2376 1672 2410 autem
1696 2372 1790 2412 eius

990 2422 1085 2475 post
1147 2423 1315 2476 aliquot
1370 2432 1524 2467 aetates
1577 2427 1788 2469 Venetias

989 2480 1250 2521 translatum
1273 2482 1343 2523 est.

1019 2580 1062 2624 (1
1100 2577 1240 2619 Cletus
1260 2586 1300 2620 et
1319 2580 1606 2621 Marcellinus
1620 2582 1758 2635 papa*

1117 2643 1336 2688 martyres.
1398 2637 1542 2679 Leffl'o
1563 2639 1657 2692 .ίί“]5.

994 2710 1207 2793 CLetus
1244 2712 1386 2764 patria
1429 2727 1634 2754 romanus
1676 2721 1786 2756 tem-

1099 2782 1205 2820 pore
1242 2769 1490 2823 Vespasiani
1523 2772 1786 2813 adhortante

1049 2873 1064 2896 4
1087 2886 1196 2920 papae
1215 2885 1221 2907 :
1247 2876 1284 2910 P.
1303 2876 1346 2910 A.

1052 2920 1065 2941 ⁵
1091 2921 1150 2956 die
1169 2923 1234 2956 26.
1257 2923 1296 2956 in
1317 2935 1360 2957 m.
