1981 3248
201 140 282 181 154

199 222 328 263 causa
370 220 452 261 fuit
493 219 732 261 mortiferae
785 219 1004 260 seruitutis

878 140 1200 172 SEPTEMBER.

1133 223 1177 267 11
1200 219 1431 260 Exaltatio
1451 219 1618 271 fimii‘oe
1643 218 1780 259 crucis
1801 218 1880 258 du-

199 279 383 320 humani
424 278 609 332 generis,
642 279 697 318 sic
731 278 822 330 ipsa
852 278 1005 331 genito
1063 277 1343 330 plexmains.
1393 278 1478 318 Ad
1494 278 1695 330 vesperas,
1737 276 1878 329 Hym÷

201 338 373 380 Christo
395 336 714 389 redemptionis
738 336 948 378 salutaris.

200 471 245 516 {1
297 468 460 509 Petrus
509 466 752 508 Dorotheus
801 473 844 507 et
896 466 1004 507 Gor-

231 526 392 580 gonius
413 532 634 577 martyres.
694 524 842 565 Lario
864 523 960 578 ‚z'g'j¹.

286 614 431 661 Etrus,
464 611 729 660 Dorotheus,
757 617 800 651 et
834 609 1004 663 Gorgo-

314 672 411 711 nius
435 670 701 710 Diocletiani
729 668 1005 721 imperatoris

202 728 458 781 cubicularij
495 728 625 768 fuere.
689 726 890 779 Quorum
926 727 1005 766 Pe-

201 794 294 828 trus
321 800 422 827 cum
451 787 507 827 de
537 786 748 838 martyrio
778 784 1003 825 cuiusdam

200 845 293 894 viri,
334 845 409 897 qui
463 843 750 892 Nicomediae,
792 843 865 883 vbi
908 842 1004 882 haec

202 903 322 956 gesta
360 903 467 951 sunt,
499 900 646 942 edffiia
687 901 1004 953 imperatorum

201 961 408 1001 aduersus
431 959 686 1000 christianos
709 959 751 998 in
782 958 876 998 soro
899 971 1004 1010 pen-

201 1019 354 1060 dentia
395 1017 689 1070 discerpserat,
722 1016 863 1056 multa
896 1016 1004 1056 libe·

202 1077 290 1117 rius
322 1076 586 1130 loqueretur,
619 1081 775 1127 captus
807 1073 891 1127 dijs
924 1074 1003 1114 im-

201 1134 367 1175 molare
409 1133 593 1176 iubetur.
656 1133 757 1186 Quo
809 1131 1005 1172 recusato

202 1192 419 1246 appensus
461 1198 553 1232 tam
588 1190 823 1231 crudeliter
856 1189 1004 1242 flagris

202 1251 399 1298 caeditur,
421 1256 467 1290 vt
493 1248 680 1289 concissa
710 1248 824 1301 pelle
851 1261 1003 1287 carnes

202 1309 337 1349 etiam
370 1308 650 1348 laniarentur.
713 1305 814 1358 Quo
845 1305 1004 1358 suppli-

203 1367 271 1406 cio
287 1380 385 1407 cum
403 1365 508 1405 nihil
527 1379 552 1405 a
571 1364 727 1406 Christi
743 1363 1004 1404 confessione

203 1424 506 1471 retraheretur,
540 1423 728 1463 nudatas
766 1435 917 1462 carnes
960 1435 1005 1461 a-

203 1489 314 1531 ceto,
351 1488 394 1522 et
437 1481 521 1521 sale
563 1480 849 1534 perfunditur.
884 1492 1004 1519 cum-

203 1554 289 1594 que
331 1539 414 1580 hoc
449 1540 582 1580 etiam
616 1538 865 1578 constanter
896 1536 1005 1577 tole-

202 1599 340 1647 rasset,
364 1598 406 1638 in
440 1596 647 1638 craticula
679 1596 829 1649 prunis
862 1594 1007 1635 subter

203 1657 346 1706 strata,
361 1656 481 1696 lento
505 1655 593 1707 igni
618 1655 846 1700 cruciatur,
866 1653 1006 1693 carni-

203 1715 357 1755 ficibus
389 1728 489 1754 eum
523 1713 704 1753 subinde
735 1711 1005 1751 versantibus

204 1773 346 1813 donec
379 1771 646 1824 consumptis
680 1770 769 1823 igni
802 1769 1005 1809 carnibus

205 1828 419 1870 inuictum
453 1829 648 1882 spiritum
682 1828 725 1867 in
758 1827 844 1867 fide
877 1826 1005 1866 laetus

207 1888 445 1928 exhalauit.
508 1886 610 1928 Ouo
637 1883 886 1939 speetaculo
909 1898 1006 1937 per-

208 1944 340 1986 moti2
370 1945 656 1985 Dorotheus:
679 1950 723 1983 et
754 1942 1006 1995 Gorgonius

207 2003 536 2045 Diocletianum
570 2016 669 2042 cum
703 2001 872 2040 summa
904 2013 1007 2040 con-

207 2062 364 2102 stantia
387 2067 430 2101 et
459 2060 661 2100 libertate
686 2058 753 2098 his
775 2058 918 2098 verbis
944 2057 1007 2097 al-

207 2120 459 2172 loquuntur.
504 2118 592 2159 Cur
614 2118 855 2170 imperator
877 2116 1008 2169 punis

208 2178 250 2218 in
277 2179 406 2218 Petro
429 2176 589 2217 mentis
613 2174 886 2221 sententiam,
909 2187 1008 2226 quae

207 2235 334 2276 nobis
377 2235 437 2275 est
479 2248 578 2274 cum
621 2233 695 2273 illo
730 2231 1008 2272 communis?

209 2293 298 2334 Cur
321 2294 363 2333 in
383 2293 458 2332 illo
476 2292 639 2332 crimen
659 2291 832 2331 ducitur
857 2305 864 2330 :
889 2290 1007 2342 quod

208 2365 289 2392 nos
340 2351 495 2391 itidem
541 2348 832 2390 confitemur?
898 2348 1011 2388 Haec

208 2410 336 2450 nobis
355 2408 472 2449 fides.
496 2407 565 2447 hic
581 2407 723 2447 cultus
750 2420 757 2446 :
780 2406 875 2445 haec
893 2419 1011 2445 com-

209 2468 354 2507 munis
377 2466 600 2506 sententia.
650 2464 774 2517 Quos
796 2463 868 2503 ille
891 2476 1011 2503 com-

208 2524 442 2578 prehensos
466 2523 674 2563 similibus
704 2520 926 2574 supplicijs
949 2520 1010 2560 af-

210 2581 359 2629 feetos,
386 2583 441 2622 ad
472 2581 675 2622 Vltimum
710 2579 868 2632 laqueo
900 2579 1011 2618 iussit

207 2640 422 2693 appensos
446 2639 590 2679 necari
613 2638 769 2692 quinto
784 2637 881 2678 idus
902 2636 1012 2690 Sep-

207 2698 401 2739 tembriS.

279 2816 291 2838 1
319 2815 378 2850 die
396 2825 427 2860 9.
447 2816 487 2849 in
507 2827 552 2849 m.

279 2863 381 2907 pei
385 2870 515 2896 moniti
540 2875 546 2897 :
569 2863 606 2897 P.

280 2910 293 2931 3
327 2910 463 2954 V'mp
486 2918 537 2953 54.

279 2957 291 2978 ³
317 2957 377 2992 die
400 2966 439 2999 14
457 2968 496 2990 m
516 2969 560 2990 m.

1073 349 1164 376 mas.

1129 409 1312 451 Vexilla
1334 409 1608 463 1‘egis³.f0li0
1631 409 1726 450 260.

1395 511 1560 554 Oratio.

1081 595 1273 677 DEus,
1316 595 1390 649 qui
1434 609 1514 635 nos
1556 594 1771 635 hodierna
1808 594 1880 635 die

1196 653 1483 694 exaltationis
1530 650 1689 693 sanetae
1741 654 1879 693 crucis

1073 725 1220 751 annua
1243 711 1504 752 solennitate
1519 711 1719 751 laetificas
1741 724 1748 751 :
1767 725 1880 764 prae-

1074 770 1137 810 sta
1177 769 1427 822 quaesumus
1464 784 1472 809 ε
1511 775 1560 810 vt
1601 769 1723 808 cuius
1767 768 1878 821 mys-

1071 828 1231 868 terium
1255 828 1297 867 in
1317 833 1432 868 terra
1449 827 1739 880 cognouimus
1763 828 1879 867 :eius

1074 886 1393 938 redemptionis
1441 884 1625 938 praemia
1677 885 1720 924 in
1763 883 1880 924 coelo

1073 957 1322 984 mereamur
1349 959 1356 984 :
1378 956 1455 997 per
1477 943 1679 983 eundem.

1132 1048 1176 1094 (ἶ
1228 1045 1312 1087 Ad
1357 1044 1624 1087 matutinum
1675 1044 1881 1086 inuitato-

1382 1102 1531 1145 7‘2'2tm4.

1132 1178 1350 1220 Christum
1382 1192 1531 1231 regem
1564 1191 1644 1230 pro
1677 1177 1803 1218 nobis
1836 1178 1879 1218 in

1073 1251 1199 1278 cruce
1241 1237 1503 1286 exaltatum,
1538 1236 1684 1277 venite
1727 1236 1881 1276 adore-

1074 1309 1182 1337 mus.

1372 1387 1590 1439 Hymnus.

1134 1461 1299 1502 Lustris
1323 1461 1410 1502 sex.
1434 1461 1535 1502 etc.5
1558 1468 1606 1502 vt
1626 1461 1795 1515 infesto
1816 1461 1882 1502 in-

1074 1520 1465 1572 uentionisssmc‘c'ae
1483 1520 1620 1560 crucis
1630 1520 1744 1572 folio
1769 1518 1883 1573 592⁶.

1325 1624 1470 1665 Lec‘ffio
1493 1624 1629 1665 tertia.

1077 1709 1240 1793 CVm
1265 1710 1477 1750 extremis
1501 1710 1662 1750 Phocae
1693 1710 1883 1763 impera-

1182 1768 1288 1808 toris
1339 1768 1614 1821 temporibus
1667 1768 1883 1809 Cosdroas

1077 1825 1301 1865 Persarum
1353 1840 1433 1865 rex
1486 1825 1655 1878 imperij
1712 1826 1882 1866 romani

1075 1884 1325 1936 prouincias
1367 1883 1594 1933 inuasisset,
1629 1890 1672 1923 et
1718 1883 1882 1924 Ieroso-

1076 1942 1198 1994 lyma
1230 1947 1372 1994 capta,
1396 1941 1631 1994 multisque
1662 1941 1721 1981 ibi
1753 1941 1882 1981 chris-

1076 2000 1298 2039 tianorum
1323 1998 1500 2039 milibus
1523 1999 1682 2045 occifis‚
1707 2006 1882 2052 partem

1076 2057 1311 2097 dominicae
1334 2057 1472 2097 crucis
1496 2057 1538 2096 in
1558 2056 1761 2097 caluariae
1784 2057 1882 2097 loco

1076 2115 1133 2154 ab
1172 2114 1347 2155 Helena
1379 2114 1675 2164 constitutam,
1707 2115 1751 2154 in
1784 2128 1881 2167 per-

1078 2170 1234 2212 fidem⁷
1251 2172 1540 2220 transtulisset,
1556 2172 1793 2226 Aegyptus
1808 2173 1883 2213 de-

1077 2230 1179 2271 inde
1194 2236 1326 2283 atque
1342 2230 1494 2270 Africa
1509 2230 1730 2295 persarum
1749 2231 1881 2270 armis

1078 2288 1296 2337 cessissent,
1334 2288 1566 2328 Heraclius
1604 2288 1678 2341 qui
1722 2281 1880 2328 Phocae

1079 2346 1280 2394 successit,
1314 2347 1488 2399 magnis
1530 2344 1714 2386 affeetus
1746 2346 1883 2386 cladi-

1079 2404 1159 2444 bus
1201 2417 1356 2457 pacem
1400 2418 1425 2443 a
1478 2403 1671 2444 Cosdroa
1712 2404 1880 2456 petiuit.

1081 2462 1228 2515 Quam
1261 2475 1360 2501 cum
1399 2475 1563 2514 magno
1595 2461 1765 2501 romani
1802 2461 1883 2501 im-

1079 2519 1185 2572 perij
1212 2520 1427 2559 dedecore
1450 2519 1591 2558 suerat
1613 2524 1882 2572 accepturus,

1081 2578 1302 2619 Caeterum
1326 2589 1425 2616 cum
1449 2576 1615 2616 nullam
1639 2590 1664 2616 a
1693 2576 1881 2616 barbaro

1079 2634 1200 2675 hoste
1222 2632 1417 2687 vi6torijs
1440 2634 1651 2674 insolente
1674 2634 1881 2687 impetra-

1078 2698 1155 2741 ret,
1199 2692 1357 2733 Christi
1399 2692 1579 2732 numine
1623 2692 1795 2745 ieiunijs
1837 2698 1882 2732 et

1151 2812 1164 2834 5
1190 2818 1258 2848 etc.
1284 2824 1289 2846 :
1310 2824 1376 2847 em.
1399 2813 1436 2847 P.
1454 2814 1496 2847 A.

1151 2860 1164 2880 Γ*
1199 2860 1285 2893 Vide
1296 2863 1335 2904 fi.
1361 2860 1432 2894 128.

1152 2907 1164 2930 Τ
1192 2907 1373 2941 Persidem
1399 2919 1404 2941 :
1426 2908 1467 2941 R.
1492 2908 1527 2941 P,
1546 2907 1586 2941 A.
