1981 3248
832 167 1072 201 MARTJUS.

120 246 230 280 trem
260 240 477 281 ascensum
513 242 665 281 Petrus
697 242 917 294 apostolus

120 298 164 337 in
206 299 352 338 medio
405 298 711 351 discipulorum
762 299 917 341 Christi

120 355 290 395 circiter
317 369 427 396 ,cxx
458 356 700 405 confistenS,
728 357 918 410 Oportet

119 412 299 466 (inquit)
321 414 398 453 viri
422 413 575 454 fratres
598 414 768 467 impleri
791 415 918 468 scrip-

119 476 275 519 turam,
317 485 449 524 quam
496 473 705 525 praedixit
747 472 917 525 spiritus

120 526 292 568 sanstus
325 543 401 581 per
432 543 480 569 os
518 529 667 569 Dauid
701 530 757 570 de
793 531 916 578 Iuda,

117 586 190 638 qui
214 585 294 627 fuit
315 587 409 626 dux
433 601 594 636 eorum,
619 588 692 640 qui
721 601 917 641 compre-

117 643 362 684 henderunt
391 645 549 685 Iesum:
581 646 654 697 qui
681 659 917 696 connume-

119 707 239 741 ratus
276 708 369 742 erat
406 703 448 742 in
486 703 623 750 nobis,
663 709 706 743 et
743 703 916 743 sortitus

119 759 179 799 est
209 759 364 799 sortem
398 760 618 812 ministerij
653 760 791 801 huius.
855 761 915 801 Et

118 816 188 856 hic
229 818 407 870 quidem
450 818 635 871 possedit
671 831 824 871 agrum
863 819 917 859 de

119 875 320 915 mercede
347 875 599 929 iniquitatis,
624 882 667 916 et
696 876 917 929 suspensus

119 933 287 985 crepuit
321 934 509 974 medius:
555 940 598 974 et
632 933 785 974 diffusa
822 934 918 974 sunt

120 991 267 1031 omnia
303 991 462 1031 viscera
500 992 602 1031 eius.
667 992 726 1032 Et
763 997 917 1032 notum

119 1045 282 1088 factum
307 1048 366 1089 est
389 1049 595 1090 omnibus
618 1049 918 1090 habitantibus

122 1106 379 1147 Ierusalem:
439 1108 500 1147 ita
559 1113 607 1147 vt
673 1106 919 1160 appelletur

120 1177 224 1216 ager
249 1164 320 1204 ille
344 1164 493 1218 lingua
518 1178 669 1205 eorum
702 1165 919 1205 Hacelde-

123 1235 205 1271 ma,
215 1221 298 1262 hoc
313 1222 383 1270 est,
401 1236 504 1275 ager
518 1222 747 1276 sanguinis.
774 1222 920 1276 Scrip-

120 1286 213 1320 tum
233 1280 293 1320 est
315 1281 430 1320 enim
450 1281 492 1320 in
512 1280 622 1321 libro
640 1280 918 1333 psalmorum,

124 1338 221 1377 Fiat
244 1338 534 1378 commoratio
562 1351 712 1378 eorum
740 1338 919 1387 deserta,

119 1402 162 1436 et
204 1409 291 1435 non
334 1396 382 1436 s1t
414 1396 488 1448 qui
529 1395 743 1436 inhabitet
784 1396 826 1435 in
860 1409 922 1436 ea.

123 1454 182 1493 Et
233 1453 530 1506 episcopatum
588 1453 678 1493 eius
734 1454 921 1506 accipiat

122 1510 240 1552 alter.
304 1511 493 1564 Oportet
517 1524 620 1564 ergo
643 1525 701 1551 ex
724 1511 790 1551 his
808 1512 921 1561 viris,

122 1570 195 1622 qui
219 1569 444 1609 nobiscum
468 1568 564 1609 sunt
593 1569 849 1622 congregati
876 1569 919 1609 in

122 1628 241 1666 omni
279 1633 488 1680 tempore,
526 1640 613 1680 quo
655 1627 835 1666 intrauit
877 1632 920 1667 et

123 1685 263 1724 exiuit
295 1685 407 1724 inter
439 1698 518 1724 nos
550 1684 755 1724 dominus
790 1683 919 1732 Iesus,

122 1742 333 1795 incipiens
366 1741 391 1782 a
424 1742 689 1795 baptismate
729 1742 919 1791 Ioannis,

121 1799 252 1853 Vsque
275 1801 316 1840 in
335 1801 463 1847 diem,
487 1813 574 1852 qua
597 1799 837 1852 assumptus
861 1799 920 1839 est

122 1856 147 1897 a
169 1859 306 1907 nobis,
321 1857 473 1898 testem
493 1855 813 1897 resurreffionis
828 1858 920 1897 eius

122 1915 345 1956 nobiscum
364 1915 454 1955 fieri
476 1929 610 1955 vnum
634 1929 691 1955 ex
714 1914 812 1955 istis.
862 1915 920 1955 Et

121 1973 362 2014 statuerunt
378 1974 499 2022 duos,
518 1972 685 2025 Ioseph,
701 1973 774 2025 qui
792 1987 919 2013 voca-

122 2037 192 2071 tur
233 2031 456 2079 Barsabas,
497 2036 541 2070 et
582 2031 919 2083 cognominatus

123 2088 182 2129 est
205 2088 353 2129 iustus:
394 2094 437 2128 et
475 2088 704 2128 Mathiam.
767 2087 920 2141 Atque

123 2152 298 2186 orantes
321 2147 540 2193 dixerunt,
558 2146 626 2185 Tu
650 2145 828 2185 domine
846 2146 919 2198 qui

123 2202 919 2255 cordanostiomnium,ostendequem

124 2261 304 2314 elegeris
328 2275 385 2301 ex
407 2260 474 2300 his
497 2261 669 2301 duobus
683 2274 832 2308 vnum,
849 2274 919 2300 ac-

123 2320 267 2372 cipere
299 2318 442 2358 locum
466 2317 685 2370 ministerij
716 2317 855 2367 huius,
878 2324 921 2358 et

124 2376 401 2429 apostolatus,
426 2375 480 2415 de
502 2389 589 2429 quo
611 2376 922 2428 praeuaricatus

124 2434 394 2482 estIudaS‚vt
412 2433 551 2474 abiret
566 2434 607 2472 in
625 2433 769 2473 locum
788 2433 919 2473 suum.

125 2491 183 2532 Et
206 2492 420 2531 dederunt
443 2491 574 2531 sortes
603 2491 676 2539 eis,
700 2497 743 2530 et
765 2491 923 2531 cecidit

125 2549 211 2589 sors
235 2549 358 2601 super
380 2548 613 2598 Mathiam‚
636 2554 678 2589 et
711 2562 922 2588 annume-

125 2613 242 2647 ratus
270 2606 329 2646 est
352 2620 451 2646 cum
477 2607 679 2646 vndecim
706 2606 922 2659 apostolis.

128 2665 214 2704 Hic
248 2670 395 2704 autem
423 2664 486 2715 (vt
515 2664 695 2717 quidam
723 2663 924 2716 tradunt)

125 2735 225 2762 cum
277 2722 318 2761 in
380 2722 642 2762 Macedonia
705 2722 924 2774 primum:

125 2780 284 2820 deinde
310 2779 352 2818 in
382 2779 532 2819 Iudaea
558 2779 738 2819 verbum
767 2779 836 2819 dei
860 2778 919 2819 la-

124 2838 277 2877 tisfime
318 2836 634 2885 disseminasset‚
672 2836 919 2889 multosque

244 2975 255 2996 ¹
281 2975 340 3009 die
360 2984 411 3017 27.
433 2975 472 3008 in
491 2986 536 3008 m.

755 2974 768 2996 2
793 2974 1085 3009 scandalizantur
1108 2987 1114 3010 :
1137 2975 1173 3008 P.

1707 164 1784 207 117

987 246 1296 298 predicatione,
1335 254 1378 287 et
1419 247 1784 300 consequentibus

987 303 1114 355 fignis
1143 304 1199 344 ad
1240 303 1395 345 Christi
1433 305 1565 345 fidem
1603 317 1783 344 conuer-

986 361 1120 401 tisset:
1154 360 1179 401 a
1210 362 1383 409 Iudaeis,
1412 362 1455 401 id
1486 375 1603 415 aegre
1640 361 1780 401 feren-

986 419 1114 467 tibus,
1165 419 1512 472 comprehensus,
1565 418 1784 471 lapidibus

987 489 1099 528 pene
1138 476 1319 517 obrutus
1361 477 1431 526 est,
1475 491 1525 517 ac
1567 476 1784 530 postremo

986 533 1118 574 securi
1174 535 1392 587 percussus
1446 535 1510 588 .vj.
1564 534 1782 574 calendas.

986 591 1148 645 Martij.

985 691 1029 735 Ἠ
1068 686 1271 726 Iulianus
1301 693 1343 727 et
1374 686 1419 726 E
1423 701 1534 727 meus
1566 692 1785 737 martyres.

1228 745 1370 785 Leffio
1392 745 1520 785 tertia
1530 743 1553 786 1.

994 820 1216 900 INeunte
1234 820 1529 873 principatum
1549 821 1687 861 Decio
1705 820 1785 859 im-

1067 884 1268 931 peratore
1300 884 1392 918 tam
1425 879 1709 918 vehementer
1741 878 1781 916 in

986 934 1239 976 christianos
1265 936 1462 976 saeuitum
1487 936 1559 985 est,
1583 942 1631 976 vt
1659 936 1785 975 iuxta

985 993 1167 1033 verbum
1222 994 1389 1034 domini
1443 993 1785 1034 scandalizaren-

987 1049 1077 1091 tur²
1125 1053 1446 1104 propemodum
1495 1052 1627 1091 etiam
1679 1050 1784 1090 iusti.

989 1109 1100 1149 Cum
1124 1109 1257 1161 igitur
1278 1109 1567 1150 Alexandriae
1586 1108 1785 1162 supplici-

988 1180 1113 1206 orum
1151 1168 1427 1207 immanitate
1468 1168 1648 1220 quidam
1690 1180 1786 1219 per-

988 1224 1124 1264 territi
1158 1224 1288 1265 fidem
1323 1225 1557 1278 negassent,
1590 1224 1786 1277 plerique

988 1288 1138 1322 tamen
1194 1282 1342 1335 spiritu
1403 1283 1571 1323 domini
1632 1282 1786 1322 confir-

992 1341 1097 1379 mati
1149 1340 1409 1380 admiranda
1469 1340 1664 1393 martyrij
1726 1339 1787 1379 sui

990 1396 1235 1450 spefflzacula
1261 1398 1552 1451 praebuerunt.
1617 1398 1668 1437 In
1701 1398 1786 1450 pri-

992 1455 1156 1508 misque
1173 1455 1368 1496 Iulianus
1382 1455 1642 1496 venerabilis
1652 1455 1784 1495 senex

990 1514 1188 1566 podagra
1210 1513 1424 1561 laborans,
1443 1519 1490 1553 vt
1512 1527 1654 1566 neque
1672 1514 1786 1553 ince-

990 1571 1092 1611 dere
1107 1571 1256 1623 posset,
1280 1585 1422 1624 neque
1445 1571 1565 1620 stare,
1589 1572 1663 1624 qui
1686 1585 1784 1611 cum

990 1628 1161 1668 duobus
1177 1628 1380 1669 ministris
1396 1629 1637 1669 christianis
1658 1627 1787 1681 aqui-

989 1686 1070 1726 bus
1097 1685 1198 1726 sella
1226 1686 1485 1739 portabatur
1513 1687 1569 1727 ad
1598 1687 1786 1727 iudicem

989 1743 1259 1792 constitutus,
1302 1744 1432 1784 nullis
1482 1745 1610 1784 minis
1642 1745 1787 1797 potuit

990 1815 1069 1841 nec
1102 1801 1190 1854 ipse
1222 1815 1301 1841 nec
1345 1802 1456 1842 alter
1492 1802 1785 1842 ministrorum

991 1859 1143 1899 Eunus
1170 1859 1347 1899 nomine
1373 1858 1398 1899 a
1422 1874 1525 1900 vera
1550 1860 1716 1913 pietate
1745 1865 1788 1899 et

991 1917 1145 1957 Christi
1160 1917 1420 1957 confessione
1439 1918 1654 1958 deterreri.
1688 1918 1789 1957 Per-

989 1974 1234 2015 seuerantes
1258 1989 1361 2028 ergo
1385 1976 1588 2015 iubentur
1609 1975 1787 2015 camelis

990 2032 1176 2085 impositi
1195 2047 1272 2085 per
1291 2039 1428 2073 totam
1446 2033 1596 2073 vrbem
1606 2033 1787 2073 circurn-

990 2090 1101 2139 duci,
1125 2096 1167 2130 et
1190 2090 1337 2143 flagris
1362 2090 1463 2130 hinc
1492 2091 1593 2131 inde
1622 2090 1787 2143 populo

991 2146 1212 2200 specfftante
1234 2148 1364 2201 Vsque
1387 2148 1443 2188 ad
1471 2154 1657 2189 mortem
1681 2148 1787 2187 lani-

990 2205 1064 2245 ari.
1126 2206 1185 2245 Et
1236 2206 1289 2245 fic
1338 2207 1548 2258 martyrio
1589 2206 1786 2246 coronati

991 2262 1087 2303 sunt
1109 2263 1177 2315 ‚iij.
1201 2263 1407 2303 calendas
1432 2263 1594 2316 Martij.

1278 2365 1339 2405 M
1336 2380 1362 2405 a
1366 2366 1488 2407 rtz'zcs.

1040 2460 1238 2514 Asterius
1259 2466 1437 2512 martyr.
1500 2460 1643 2501 Leezz'o
1664 2458 1758 2513 227³.

992 2547 1224 2630 ffterius
1248 2548 1390 2600 patria
1415 2547 1644 2587 Romanus
1675 2547 1790 2587 ordi-

1103 2607 1167 2645 nis
1191 2605 1391 2657 senatorij
1426 2604 1596 2644 illustris
1626 2604 1790 2644 familia

993 2664 1220 2716 gloriaque
1256 2676 1398 2702 rerum
1433 2662 1650 2715 gestarum
1688 2662 1788 2702 fuit:

993 2722 1063 2762 sed
1094 2720 1324 2760 christiana
1354 2721 1517 2772 pietate
1545 2726 1589 2760 et
1619 2720 1789 2772 magnis

994 2780 1036 2819 in
1061 2779 1221 2819 virtute
1245 2777 1401 2819 Christi
1425 2777 1643 2817 miraculis
1661 2777 1790 2817 editis

990 2836 1153 2877 clarior.
1218 2835 1416 2888 Quorum
1441 2835 1547 2875 illud
1572 2835 1614 2874 in
1638 2835 1789 2887 primis

1322 2973 1335 2995 3
1361 2973 1420 3008 die
1439 2983 1479 3017 .3.
1501 2973 1540 3007 in
1559 2985 1605 3008 m.
