1981 3248
234 155 314 196 130

228 234 330 276 tulit
371 235 525 289 nequis
567 235 776 290 deinceps
818 235 1030 290 supplicio

229 293 368 334 crucis
405 294 687 347 afficeretur„
730 295 800 335 Ita
831 308 899 335 res
930 308 1031 347 quae

229 358 362 392 antea
394 352 654 393 mortalibus
690 352 853 406 probro
889 352 1032 393 fuerat

230 411 503 451 venerationi
525 410 608 451 esse
631 411 778 464 coepit.

307 525 352 570 {l
376 522 633 564 Alexander
641 530 759 576 papa
780 529 961 576 marzjyr.

474 581 619 622 Leaslio
642 580 800 622 tertz'a1.

231 664 535 748 Nexander
556 667 700 720 patria
717 680 938 716 romanus,
957 667 1031 720 qui

340 725 510 764 adriani
534 725 810 778 imperatoris
833 731 1032 778 tempore

232 782 541 835 pontificatum
557 784 689 835 gessit,
709 783 751 822 in
772 784 1031 823 memoriam

232 841 436 893 pasfionis
468 840 624 881 Christi
655 841 698 881 in
726 840 931 881 sacrificio
954 841 1032 881 ad-

233 898 356 939 didit.
421 898 509 951 Qui
539 899 679 951 pridie
702 912 835 952 quam
860 905 1031 952 patere-

232 962 315 1006 tur,
335 956 467 1009 Vsque
490 957 545 997 ad
570 956 693 996 illum
717 957 874 997 locum.
930 957 1030 997 Hoc

232 1013 293 1053 est
329 1027 488 1067 corpus
521 1028 680 1054 meum.
745 1014 870 1055 Idem
915 1015 1031 1055 insti-

232 1072 330 1119 tuit,
352 1079 398 1112 vt
421 1086 536 1125 aqua
565 1071 798 1112 benedic‘ta
825 1072 1030 1113 admixto

233 1129 318 1169 sale
356 1130 398 1169 in
433 1130 612 1183 templis
649 1137 693 1170 et
727 1130 937 1171 cubiculis
973 1132 1028 1171 ad

232 1186 453 1240 fugandos
494 1188 721 1228 daemones
759 1190 1027 1229 retineretur.

232 1245 384 1298 thue
402 1246 445 1285 in
464 1246 789 1286 consecratione
808 1247 1029 1299 sanguinis

231 1308 273 1342 et
305 1304 500 1355 corporis
534 1303 690 1344 Christi
728 1305 881 1344 vinum
913 1318 1028 1358 aqua

232 1360 494 1409 misceretur,
567 1363 622 1401 ad
695 1362 1026 1414 significandam

231 1417 386 1458 Christi
404 1424 445 1458 et
455 1419 641 1459 ecclcsiae
659 1419 1029 1462 coniuncTtionem.

232 1476 445 1529 Panisque
475 1478 642 1517 azimus
673 1491 760 1518 non
792 1478 1029 1519 sermenta-

230 1540 300 1573 tus
333 1534 666 1576 consecraretur.
732 1536 844 1577 Cum
878 1543 1027 1577 autem

228 1592 582 1633 ordinationibus
599 1600 663 1633 ter
678 1594 823 1634 mense
841 1595 1029 1635 Decem-

228 1650 293 1689 bri
325 1649 501 1699 habitis,
541 1652 821 1704 presbyteros
855 1667 904 1693 .v.
937 1654 1030 1693 dia-

227 1721 363 1748 conos
387 1709 454 1761 .iij.
480 1709 706 1762 episcopos
736 1711 930 1763 quinque
952 1724 1030 1763 per

227 1766 398 1806 diuersa
440 1767 536 1806 loca
579 1768 771 1817 creasset,
815 1770 1028 1821 martyrio

225 1830 461 1864 coronatus
484 1838 585 1864 cum
604 1824 797 1865 Euentio
820 1832 863 1866 ct
881 1827 1026 1866 Theo-

226 1882 336 1921 doro
371 1883 570 1922 diaconis
614 1883 685 1922 via
730 1884 1028 1934 Nomentana,

225 1939 299 1979 vbi
331 1938 588 1980 interfectus
620 1940 700 1981 fuit
731 1941 815 1994 ‚vij.
844 1942 900 1982 ab
922 1943 1027 1982 vrbe

227 1996 452 2037 milliario2
513 1997 717 2051 sepelitur
777 2014 825 2040 .V.
889 2013 1028 2040 nonas

225 2054 347 2107 Maij.
411 2055 537 2096 Sedit
589 2062 737 2096 autem
788 2071 929 2097 annos
971 2073 1026 2099 .X.

225 2112 395 2153 menses
418 2113 499 2166 .vij.
523 2113 616 2154 dies
640 2115 762 2155 duos.

223 2248 267 2293 ([
301 2245 483 2286 Ioannes
512 2254 609 2288 aule
628 2255 805 2300 persam
842 2250 1026 2291 latinam

280 2303 435 2356 duplex
452 2305 607 2347 mium.
668 2307 750 2346 Ad
772 2308 960 2361 vesperas
989 2316 1030 2349 et

280 2363 556 2403 wmlntilmm.
618 2364 824 2416 Hymnus
873 2373 914 2406 ct
963 2367 1027 2406 ἰκε-

279 2420 536 2461 ἵιίίίιίθνίῑιηι
578 2421 630 2462 de
664 2424 882 2463 communi
912 2425 1026 2477 apos-

280 2477 472 2520 solorum.

543 2580 705 2622 Oratio.

227 2656 416 2738 DEus,
437 2659 525 2723 'qui
559 2661 782 2714 conspicis,
809 2664 912 2716 quia
945 2678 1025 2705 nos

340 2717 533 2769 vndique
552 2718 668 2759 mala
691 2720 834 2761 nostra
856 2729 1024 2774 pertur-

218 2771 349 2813 bant:
402 2774 556 2825 praesta
608 2777 856 2829 quaesumus
915 2796 922 2821 :
979 2787 1024 2821 vt

291 2906 299 2926 ¹
328 2906 387 2941 die
405 2917 447 2949 .4.
468 2909 508 2941 in
528 2921 576 2943 m.

289 2954 301 2974 2
328 2954 485 2988 millario
509 2968 514 2989 :
539 2957 574 2989 P.

977 161 1150 193 MAIUS.

1102 238 1219 279 beati
1251 239 1431 281 Ioannis
1463 240 1645 295 apostoli
1680 242 1744 283 tui
1773 242 1905 283 inter-

1102 297 1226 337 cessio
1247 297 1436 351 gloriosa
1465 313 1545 340 nos
1568 305 1773 354 protegat
1799 313 1807 341 :
1829 314 1907 355 per

1102 360 1181 395 etc.

1332 445 1479 486 Lec‘Zio
1510 444 1667 488 te7'tia3.

1110 524 1337 605 IOannes
1360 525 1579 578 apostolus
1609 525 1905 568 dile6tisfimus

1187 582 1368 631 Christo,
1400 583 1495 636 post
1537 584 1666 637 ipsius
1702 585 1907 626 ascensio-

1103 653 1204 680 nem
1239 641 1438 680 maximo
1470 641 1624 690 studio,
1649 643 1906 697 magnisque

1104 698 1324 738 miraculis
1366 699 1645 740 christianam
1691 702 1903 753 pietatem

1102 757 1377 809 propagauit.
1480 758 1625 797 Huius
1682 759 1800 799 enim
1863 766 1906 801 et

1104 815 1219 854 Petri
1243 815 1557 867 praedicatione
1579 815 1675 868 post
1696 816 1904 857 claudum

1102 872 1300 912 sanatum
1317 874 1371 913 ad
1389 880 1562 926 portam
1581 874 1735 927 templi
1755 874 1906 928 Speci-

1101 930 1219 970 osam
1243 930 1525 983 appellatam,
1550 932 1745 985 quinque
1767 933 1904 973 millia

1100 988 1330 1028 hominum
1360 1003 1447 1030 vno
1476 990 1546 1029 die
1578 990 1785 1031 conuersa
1808 991 1905 1031 sunt

1101 1046 1157 1085 ad
1200 1045 1345 1088 fidem.
1409 1046 1646 1100 Idemque4
1678 1049 1767 1088 duo
1809 1049 1905 1102 post

1101 1103 1317 1156 Stephani
1360 1106 1619 1157 martyrium
1662 1106 1705 1146 in
1749 1106 1905 1147 Sama-

1100 1162 1220 1209 riam,
1257 1176 1356 1214 quae
1392 1163 1596 1216 Philippo
1633 1165 1904 1217 praedicante

1099 1219 1367 1272 baptismum
1413 1227 1652 1274 acceperat,
1694 1236 1904 1275 peruene-

1098 1284 1211 1327 runt,
1244 1278 1520 1331 eandemque
1553 1280 1595 1319 in
1631 1279 1716 1320 fide
1748 1280 1904 1321 confir-

1100 1342 1286 1384 marunt,
1325 1342 1368 1376 et
1404 1350 1482 1389 per
1519 1337 1707 1390 ipsorum
1746 1352 1902 1379 manus

1098 1393 1420 1446 impositionem
1452 1395 1641 1448 Spiritus
1664 1394 1835 1436 sanffitus
1859 1397 1902 1437 in

1098 1451 1425 1504 baptizatorum
1484 1454 1616 1493 corda
1668 1453 1902 1496 descendit.

1100 1510 1151 1549 In
1195 1510 1404 1550 diuisione
1441 1517 1590 1551 autem
1625 1512 1741 1552 orbis
1775 1519 1902 1553 terrae

1100 1567 1256 1607 Ioanni
1309 1568 1470 1621 obtigit
1515 1569 1619 1610 Asia
1660 1570 1901 1622 prouincia.

1099 1625 1234 1667 Cuius
1283 1626 1480 1666 ecclesias
1534 1641 1633 1667 cum
1681 1628 1901 1680 sapientis-

1097 1683 1199 1723 sime
1242 1682 1267 1724 a
1309 1684 1349 1724 se
1391 1685 1597 1725 fundatas
1645 1684 1900 1727 sanctissime

1097 1742 1410 1790 moderaretur,
1434 1749 1588 1795 captus
1615 1743 1696 1784 suit
1729 1745 1772 1784 in
1804 1758 1900 1797 per-

1097 1799 1317 1840 secutione
1380 1801 1626 1841 Domitiani
1691 1802 1733 1841 in
1795 1803 1900 1843 vrbe

1097 1857 1283 1910 Epheso.
1344 1858 1477 1898 Vnde
1511 1858 1702 1899 Romam
1736 1860 1899 1900 adduc-

1095 1921 1166 1955 tus
1189 1929 1288 1955 cum
1313 1930 1338 1956 a
1362 1916 1516 1957 Christi
1540 1916 1626 1957 fide
1647 1918 1786 1958 auerti
1810 1932 1897 1958 non

1095 1973 1245 2026 posset,
1280 1974 1322 2013 in
1356 1975 1512 2014 eadem
1546 1975 1651 2015 vrbe
1683 1989 1807 2015 roma
1834 1975 1899 2029 (vt

1096 2031 1397 2072 Tertullianus
1432 2032 1491 2072 est
1528 2032 1703 2087 author)
1742 2034 1784 2074 in
1821 2035 1898 2074 do-

1094 2088 1201 2129 lium
1225 2089 1432 2130 feruentis
1462 2089 1545 2130 olei
1575 2091 1795 2132 demersus
1827 2091 1898 2133 est.

1097 2147 1185 2188 Sed
1209 2161 1308 2187 cum
1333 2147 1563 2188 incolumis
1581 2149 1683 2189 inde
1705 2149 1898 2191 euafisset

1095 2205 1314 2258 relegatus
1356 2205 1416 2246 est
1457 2207 1499 2246 in
1546 2206 1781 2247 Pathmum
1834 2208 1898 2248 in-

1095 2263 1243 2310 sulam,
1265 2263 1337 2303 vbi
1361 2263 1660 2317 Apocalipsim
1684 2265 1898 2319 conscrip-

1094 2321 1153 2362 sit.
1198 2321 1295 2361 Post
1315 2328 1500 2362 mortem
1519 2336 1622 2362 vero
1639 2323 1896 2372 Domitiani,

1095 2379 1216 2419 cuius
1235 2377 1332 2418 aeta
1350 2380 1498 2419 omnia
1517 2380 1691 2420 fuerunt
1706 2379 1731 2420 a
1746 2381 1895 2422 senatu

1097 2436 1256 2485 rescisa,
1290 2437 1512 2490 Ephesum
1549 2438 1753 2487 reuersus,
1781 2439 1895 2479 Dru-

1094 2494 1257 2534 fianam
1281 2508 1455 2546 magnae
1478 2495 1520 2535 in
1554 2495 1772 2536 Christum
1804 2497 1894 2550 pie-

1093 2552 1197 2592 tatis
1240 2552 1469 2592 foeminam
1507 2553 1639 2606 paulo
1681 2560 1784 2594 ante
1820 2555 1894 2595 de-

1093 2608 1303 2658 functam,
1345 2608 1569 2662 spectante
1619 2611 1785 2664 populo
1836 2613 1893 2652 ad

1093 2667 1231 2707 vitam
1249 2667 1401 2707 diuina
1417 2682 1501 2720 ope
1519 2670 1753 2710 reuocauit.
1791 2668 1893 2722 Quo

1093 2725 1302 2765 miraculo
1340 2725 1467 2765 multi
1504 2726 1601 2767 sunt
1638 2728 1693 2767 ad
1737 2726 1892 2768 Christi

1093 2782 1225 2822 fidem
1250 2783 1454 2824 conuersi.

1161 2917 1173 2936 ²
1201 2918 1259 2951 die
1280 2918 1321 2952 .6.
1342 2919 1383 2952 in
1403 2931 1448 2953 m.

1162 2964 1173 2984 ⁴
1203 2965 1395 3010 Iidemque
1420 2978 1425 3000 :
1448 2968 1484 3000 P.
