1981 3248
807 159 1080 193 AUGUSTUS.

114 237 267 285 ruisset,
277 242 319 277 et
329 236 489 277 multas
499 236 698 289 regiones
713 237 914 277 docendo

113 300 156 334 et
197 295 479 347 praedicando
530 294 753 342 lustrasset,
798 308 914 334 anno

116 351 271 392 Christi
303 353 394 392 nati
423 352 676 404 .M.ccxxiij.
703 353 915 392 Bononiae

114 408 231 461 (quae
272 410 375 450 vrbs
417 409 477 449 est
530 409 671 449 Italiae
714 409 915 461 celebris)

114 467 242 506 nonis
278 467 467 519 Augusti
505 481 531 507 a
564 467 654 506 vita
691 467 912 520 migrauit.

115 523 260 576 Quem
298 524 447 577 postea
490 525 728 577 Gregorius
771 538 913 564 nonus

114 582 263 622 retulit
304 582 346 621 in
390 596 621 622 numerum
664 580 912 622 san&orum

113 639 170 678 ob
193 640 311 679 edita
334 639 557 691 miracula,
578 646 621 680 et
638 640 775 680 vitam
794 640 912 679 sanc—

112 697 266 737 tissime
288 697 464 750 gestam.

435 821 595 862 Oratio.

121 907 309 988 DEus,
371 906 443 959 qui
504 905 725 946 ecclesiam
788 911 910 945 tuam

237 964 354 1004 beati
397 965 620 1004 Dominici
662 964 912 1004 confessoris

113 1022 175 1062 tui
199 1022 444 1062 illuminare
465 1023 672 1074 dignatus
694 1019 761 1061 es¹
784 1021 911 1061 meri-

112 1080 169 1119 tis
210 1085 254 1119 et
291 1078 502 1120 d05trinis
539 1095 547 1119 :
585 1080 777 1119 concede
818 1092 826 1119 :
864 1084 911 1119 vt

113 1138 205 1177 eius
242 1137 540 1177 intercessione
571 1135 911 1190 temporalibus²

113 1208 200 1234 non
223 1195 482 1235 destituatur
504 1195 681 1246 auxilijs
704 1210 711 1234 :
730 1201 773 1234 et
792 1194 911 1247 spiri-

112 1252 305 1292 tualibus
343 1253 510 1305 semper
540 1252 743 1305 proficiat
774 1252 910 1292 incre-

114 1311 273 1351 mentis
302 1326 309 1351 :
330 1324 417 1363 per.

113 1447 157 1492 ΕΙ
176 1444 332 1499 Xistus
349 1444 405 1499 js.
416 1451 534 1498 papa
555 1450 733 1497 marzjyr.
767 1444 912 1486 Lecho

458 1502 587 1543 tertia
597 1501 621 1544 ³.

115 1587 333 1669 XYstus
357 1588 571 1628 secundus
586 1601 714 1641 papa,
731 1588 910 1629 natione

245 1659 426 1698 graecus,
469 1647 612 1699 patria
649 1646 910 1686 atheniensis

111 1717 169 1743 ex
215 1703 476 1757 philosopho
522 1703 678 1744 Christi
724 1704 908 1757 discipu-

111 1761 177 1801 lus
248 1760 401 1810 fastus,
469 1761 675 1801 saeuiente
745 1759 910 1802 adhuc4

111 1818 331 1859 valeriana
360 1818 669 1872 persecutione,
693 1819 801 1859 sedit
832 1833 909 1859 an-

111 1890 191 1917 nos
233 1877 356 1925 duos,
397 1877 564 1916 menses
606 1876 773 1924 decem,
816 1878 909 1917 dies

110 1949 158 1974 .v.
187 1940 231 1974 et
258 1948 348 1974 .XX.
413 1933 500 1986 Qui
532 1934 757 1974 accusatus
789 1935 908 1987 quod

112 1992 267 2033 Christi
307 1991 440 2032 fidem
474 1998 628 2032 contra
661 1992 908 2045 principum

109 2050 287 2089 decreta
338 2049 608 2102 praedicaret,
659 2050 908 2102 captusque,

110 2107 166 2147 ad
224 2107 379 2147 Martis
436 2107 623 2147 trahitur
680 2107 909 2159 templum,

110 2164 329 2217 proposita
366 2164 440 2204 nisi
484 2165 616 2204 Marti
654 2164 910 2205 sacrificaret

109 2222 288 2275 capitali
321 2235 465 2274 poena.
488 2235 620 2274 quam
642 2227 792 2262 tamen
822 2222 910 2275 ipse

111 2279 337 2320 Constanti
368 2279 516 2319 animo
549 2280 765 2332 impietati
799 2293 909 2332 prae-

109 2337 218 2377 tulit.
297 2337 410 2378 Cum
462 2337 595 2389 igitur
642 2336 697 2376 ad
750 2336 910 2390 suppli-

108 2395 223 2434 cium
262 2393 492 2434 duceretur
533 2393 827 2447 interpellanti
870 2394 910 2434 se

110 2452 348 2492 Laurentio
383 2457 426 2491 et
459 2452 634 2500 dicenti,
673 2451 774 2504 Quo
811 2465 910 2504 pro-

111 2510 304 2561 grederis
353 2509 437 2549 sine
482 2509 572 2549 filio
614 2509 771 2562 pater?
822 2523 909 2561 quo

109 2567 308 2607 sacerdos
359 2567 527 2619 optime
577 2567 663 2607 sine
715 2567 909 2606 ministro

108 2624 347 2677 properas?
411 2624 665 2677 Respondit,
693 2625 795 2664 Non
826 2638 909 2677 ego

106 2688 151 2721 te
192 2682 340 2721 desero
380 2681 453 2721 fili.
517 2682 687 2722 Maiora
729 2688 909 2722 manent

107 2745 150 2779 te
196 2752 274 2792 pro
323 2739 477 2779 Christi
524 2739 610 2779 fide
657 2740 909 2789 certamina,

178 2864 189 2885 ¹
217 2871 272 2899 est
297 2878 303 2899 :
324 2866 362 2899 P.

176 2911 189 2932 ²
215 2912 442 2957 temporibus
465 2923 471 2946 :
494 2914 531 2947 P.

176 2958 189 2979 3
215 2959 274 2993 die
293 2959 325 2992 .8
343 2960 383 2993 in
402 2971 447 2993 m.

1703 161 1781 204 147

980 237 1075 290 post
1102 237 1296 278 triduum
1327 252 1397 279 me
1427 239 1626 292 sequeris,
1648 240 1781 281 sacer-

980 296 1130 335 dotem
1188 296 1332 336 leuita.
1409 297 1592 337 Interim
1643 298 1779 350 siquid

979 353 1020 392 in
1070 353 1280 393 thesauris
1322 353 1471 403 habes,
1513 356 1780 408 pauperibus

979 410 1197 451 distribue.
1282 412 1455 451 Eodem
1517 412 1649 465 igitur
1709 413 1780 454 die

979 482 1079 508 cum
1123 468 1263 521 Xysto
1298 469 1471 509 diaconi
1506 469 1581 509 sex
1616 470 1780 511 interfi-

978 526 1152 566 ciuntur
1193 526 1488 576 Felicissimus,
1526 527 1778 580 Agapytus,

980 583 1220 632 Ianuarius,
1256 585 1460 636 Magnus,
1493 585 1778 626 Innocentius

979 641 1245 693 Stephanus,
1308 642 1570 695 Eodemque
1632 643 1779 683 triduo

981 699 1244 739 Laurentius
1267 699 1356 752 igni
1374 700 1655 740 comburitur.
1700 701 1778 742 Se-

978 756 1128 809 pultus
1157 762 1305 797 autem
1337 757 1396 797 est
1426 757 1590 810 Xystus
1619 758 1661 797 in
1691 772 1777 799 coe-

980 815 1162 854 meterio
1211 814 1360 856 Calisti
1404 816 1475 855 via
1518 815 1670 869 Appia
1711 816 1776 869 .vj

979 871 1097 911 idus⁵
1118 872 1316 925 Augusti.

977 997 1021 1042 fflj
1084 995 1353 1036 Laurentius
1408 1003 1580 1049 margar
1625 996 1781 1050 duplex

1001 1052 1157 1095 minus.
1217 1054 1299 1093 Aa!
1326 1053 1524 1106 vesperas.
1590 1053 1753 1096 Oratio.

985 1126 1112 1208 DA
1142 1129 1269 1169 nobis
1298 1129 1546 1181 quaesumus
1576 1130 1777 1182 omnipo-

1096 1192 1194 1226 tens
1229 1187 1337 1227 deus
1370 1187 1575 1227 vitiorum
1613 1187 1778 1227 nostro-

977 1257 1072 1283 rum
1116 1243 1318 1284 fiammas
1360 1245 1621 1297 extinguere
1657 1258 1666 1285 :
1702 1246 1775 1298 qui

976 1301 1107 1341 beato
1127 1302 1366 1342 Laurentio
1383 1302 1566 1343 tribuisti
1584 1308 1777 1343 tormen-

976 1364 1121 1399 torum
1143 1360 1315 1400 suorum
1338 1360 1540 1400 incendia
1557 1360 1777 1413 superare:

975 1431 1065 1471 per.

999 1540 1082 1581 Ad
1108 1540 1373 1581 772a2‘2ctz‘722z772
1404 1540 1718 1582 Inm'tatorz'ztm
1726 1542 1751 1584 ⁶.

1034 1616 1197 1656 Beatus
1216 1616 1480 1656 Laurentius
1492 1615 1646 1658 Christi
1663 1631 1776 1657 mar-

974 1680 1046 1727 tyr
1061 1673 1305 1727 triumphat
1319 1680 1554 1714 coronatus
1570 1675 1613 1714 in
1629 1674 1750 1715 coelis
1767 1690 1775 1715 z

973 1732 1120 1772 venite
1162 1732 1397 1772 adoremus
1437 1731 1655 1773 Christum
1697 1733 1776 1773 do-

975 1790 1157 1830 minum.

1215 1915 1360 1956 Lean)
1392 1915 1531 1956 lertz'a.

1048 1990 1269 2030 Aeuiente
1297 1990 1441 2030 adhuc
1463 1989 1701 2031 Valeriana
1730 1990 1773 2031 in

1068 2048 1336 2089 Christianos
1359 2047 1657 2101 persecutione
1675 2062 1774 2101 quae

975 2106 1056 2146 fuit
1088 2105 1182 2158 post
1215 2106 1438 2153 Neronem
1472 2103 1642 2154 offitaua,
1674 2119 1773 2146 cum

976 2164 1241 2203 Laurentius
1260 2164 1437 2203 natione
1455 2163 1660 2215 hispanus
1680 2163 1775 2216 Xy-

975 2221 1086 2261 stum
1138 2233 1300 2273 papam
1354 2226 1605 2272 martyrem,
1651 2221 1774 2261 cuius

974 2284 1067 2318 erat
1096 2278 1271 2331 pietatis
1298 2277 1562 2317 charissimus
1589 2278 1776 2331 discipu-

975 2336 1054 2384 lus,
1081 2337 1122 2375 in
1152 2335 1326 2375 vincula
1355 2333 1603 2375 coniefitum
1633 2336 1775 2375 visita-

976 2399 1051 2442 ret,
1085 2393 1214 2432 iussus
1250 2393 1306 2432 ab
1340 2406 1392 2431 eo
1425 2392 1494 2441 est,
1526 2398 1573 2432 vt
1609 2406 1773 2446 paupe-

976 2451 1092 2491 ribus
1122 2451 1263 2503 primo
1286 2464 1462 2502 quoque
1485 2456 1684 2502 tempore
1710 2451 1774 2490 di-

976 2508 1200 2548 stribueret
1216 2506 1646 2555 thesauros,ecclesiae
1662 2521 1773 2561 quos

975 2566 1167 2606 haberet.
1229 2564 1362 2617 Quod
1406 2565 1669 2605 Laurentius
1709 2565 1774 2605 di-

975 2624 1160 2676 ligenter
1191 2628 1417 2671 executus,
1449 2636 1548 2662 cum
1584 2622 1772 2675 Xystum

975 2682 1143 2721 videret
1180 2681 1235 2719 ad
1274 2681 1533 2731 martyrium
1572 2680 1773 2727 abstrahi,

975 2738 1069 2792 post
1106 2751 1205 2778 eum
1243 2737 1475 2787 clamabat,
1510 2737 1612 2790 Quo
1648 2744 1774 2790 pater

1042 2862 1055 2883 4
1082 2862 1238 2897 deciana
1256 2867 1291 2895 et
1312 2874 1318 2895 :
1336 2861 1419 2895 add.
1442 2862 1483 2895 R.
1507 2862 1544 2895 P.
1564 2861 1608 2895 A.

1043 2910 1057 2931 5
1083 2911 1140 2943 vii.
1162 2910 1244 2943 idus
1269 2921 1275 2942 :
1296 2909 1338 2942 R.
1362 2909 1398 2942 P.
1418 2909 1462 2942 A.

1044 2957 1057 2978 ⁰
1083 2957 1142 2991 die
1166 2967 1206 2990 io
1225 2956 1263 2989 in
1282 2967 1328 2990 m.

1522 3029 1654 3057 IO—2
