1916 3243
929 148 1027 188 xxii

290 277 334 321 (l
373 273 582 316 Officium
616 274 760 315 beatae
793 273 974 328 virginis
1006 274 1316 328 quotidianum
1350 287 1438 315 non
1475 273 1647 328 legitur,
1678 273 1750 314 sed

203 342 301 384 loco
351 344 443 384 eius
493 344 549 385 ad
600 342 833 397 vesperas¹‚
876 350 920 384 et
969 344 1238 384 matutinum
1288 343 1337 384 fit
1385 343 1750 384 commemoratio

201 412 412 465 quotidie,
447 418 491 453 et
529 412 735 452 omnibus
773 399 964 453 sabbatis
999 418 1143 453 totum
1181 411 1374 453 officium
1413 412 1557 453 eidem
1590 412 1750 465 virgini

201 482 446 535 praestatur,
469 482 544 523 nisi
567 482 723 523 festum
747 482 962 523 inciderit.

289 552 355 600 ²11
391 545 826 594 Similiter'officium
859 551 1169 593 defunctorum
1202 566 1290 593 non
1323 553 1484 594 dicitur
1511 552 1587 593 nifi
1617 551 1749 592 semel

201 627 377 662 tantum
401 622 444 662 in
475 621 662 662 crastino
692 621 892 661 omnium
924 620 1186 672 san&orum,
1211 622 1281 662 sed
1311 622 1487 675 singulis
1517 622 1672 663 diebus
1701 621 1751 662 fit

203 691 416 731 memoria
460 692 516 732 de
558 691 657 745 ipsis
693 691 976 732 terminando
1011 691 1200 745 singulas
1234 691 1364 731 horas
1402 705 1490 745 per.
1526 690 1747 732 Fidelium

202 761 364 800 animae
389 759 487 801 etc.2

290 832 335 877 (1
364 830 517 871 Habet
538 829 634 870 haec
656 830 882 884 praecandi
906 830 1017 871 ratio
1039 835 1126 871 tres
1150 830 1373 870 maximas
1395 829 1750 870 commoditates.

203 899 397 940 Primam
436 900 556 952 quod
594 900 877 953 precantibus
914 898 1037 939 simul
1079 899 1320 952 acquiritur
1356 898 1579 952 Vtriusque
1619 898 1750 939 testa-

205 969 342 1009 menti
372 968 539 1021 peritia.
605 967 871 1017 Secundam,
895 968 1014 1021 quod
1045 981 1112 1008 res
1141 967 1201 1007 est
1223 967 1547 1020 expeditissima
1569 972 1750 1020 propter

204 1037 422 1077 summam
476 1037 641 1078 ordinis
693 1037 1028 1091 simplicitatem,
1072 1043 1116 1078 et
1167 1037 1427 1078 nonnullam
1473 1037 1749 1078 breuitatem.

202 1105 415 1155 Tertiam,
438 1106 557 1159 quod
580 1105 768 1146 historiae
792 1104 1040 1146 sanctorum
1071 1105 1178 1146 nihil
1207 1106 1384 1155 habent,
1406 1112 1453 1146 vt
1475 1106 1606 1159 prius
1629 1106 1749 1158 quod

202 1189 360 1228 graues
403 1182 448 1216 et
489 1173 643 1216 do&as
685 1189 811 1216 aures
854 1175 1063 1217 offendat.
1129 1176 1216 1215 Hic
1259 1181 1409 1216 autem
1451 1175 1511 1216 est
1548 1176 1668 1224 ordo,
1705 1180 1750 1215 et

203 1245 412 1298 precandi
436 1245 560 1286 ratio.

785 1443 824 1483 A
834 1442 867 1483 d
894 1444 1172 1484 matutinum.

290 1566 334 1610 G]
362 1563 494 1604 Pater
517 1563 661 1603 noster
682 1562 779 1604 etc.3
823 1563 1051 1604 Confiteor
1073 1564 1157 1604 deo
1181 1563 1257 1604 &c.
1301 1563 1495 1604 Domine
1517 1562 1634 1604 labia
1652 1577 1750 1604 mea

201 1632 324 1674 ‘¹cum
348 1634 468 1686 signo
491 1632 661 1674 crucis⁴.
716 1633 840 1673 Deus
863 1633 904 1673 in
929 1633 1198 1673 adiutorium
1222 1639 1300 1673 etc.
1362 1633 1536 1674 Deinde
1559 1633 1751 1686 sequitur

204 1704 508 1744 inuitatorium
539 1703 729 1756 tempori
763 1703 832 1742 seu
868 1702 973 1742 festo
1009 1703 1289 1743 conueniens.
1352 1703 1560 1752 Psalmus,
1588 1704 1750 1745 Venite

203 1772 469 1813 exultemus.
494 1772 570 1812 &o
594 1772 637 1811 in
668 1772 790 1811 cuius
822 1770 909 1811 fine
932 1772 1173 1811 dumtaxat
1196 1771 1501 1812 inuitatorium
1525 1774 1747 1825 repetitur,

202 1857 290 1883 non
327 1848 475 1883 autem
511 1842 554 1881 in
589 1842 748 1882 medio.
813 1842 930 1881 Tum
968 1841 1161 1894 hymnus
1199 1841 1453 1882 destinatus.
1517 1842 1617 1882 Post
1653 1842 1749 1883 haec

204 1912 291 1952 fine
323 1911 569 1965 antiphona
611 1911 817 1964 leguntur
858 1917 944 1951 tres
988 1911 1154 1964 psalmi,
1196 1912 1357 1952 deinde
1390 1910 1603 1952 le&iones
1648 1919 1747 1962 tres,

203 1994 389 2034 quarum
432 1994 620 2034 quaeque
662 1980 869 2033 incipitur
904 1979 929 2020 a
966 1978 1284 2029 benedictione,
1319 1986 1362 2020 et
1399 1980 1553 2021 desinit
1588 1981 1642 2030 in,
1679 1981 1747 2022 Tu

203 2057 352 2091 autem
376 2050 555 2090 domine
578 2056 657 2090 etc.

292 2117 549 2160 Beneditftio
591 2125 692 2159 ante
734 2119 922 2172 primam
966 2117 1213 2165 lectionem,
1258 2133 1357 2172 quae
1406 2118 1466 2159 est
1514 2133 1571 2159 ex
1613 2119 1749 2160 veteri

202 2188 477 2235 testamento,
523 2188 646 2228 Deus
684 2194 809 2240 pater
850 2188 1142 2240 omnipotens.
1189 2187 1264 2228 &o
1336 2187 1460 2228 Ante
1502 2187 1749 2237 secundam,

203 2273 302 2312 quae
337 2272 395 2298 ex
432 2271 562 2305 nouo,
594 2257 860 2310 Vnigenitus
897 2257 966 2297 dei
1000 2263 1080 2297 etc.
1142 2256 1295 2296 Tertia
1328 2255 1459 2297 lestio
1494 2257 1553 2297 est
1586 2256 1655 2297 vel
1690 2271 1749 2297 ex

202 2326 389 2379 historijs
432 2324 681 2366 sanctorum
724 2339 824 2365 cum
866 2326 959 2365 dies
1009 2325 1069 2365 est
1114 2325 1256 2375 festus,
1300 2331 1344 2365 et
1391 2331 1496 2365 tunc
1538 2326 1748 2378 praecedit

203 2393 463 2443 benediffio,
508 2393 644 2435 Cum5
686 2394 840 2434 festum
883 2394 1067 2434 colimus
1109 2400 1199 2434 etc.
1242 2393 1310 2434 vel
1353 2408 1410 2434 ex
1453 2394 1642 2447 epistolis
1678 2394 1748 2434 vel

204 2463 312 2506 affitis
360 2463 656 2517 apostolorum
706 2464 958 2516 repetendo,
999 2469 1043 2504 et
1091 2469 1196 2503 tunc
1237 2463 1447 2516 praecedit
1488 2461 1748 2511 benedi&i0‚

205 2532 393 2585 Spiritus
439 2529 574 2571 sancti
622 2531 765 2584 gratia
813 2538 892 2572 ete.
957 2532 1008 2571 In
1058 2531 1248 2571 sabbatis
1298 2538 1446 2571 autem
1495 2531 1537 2570 in
1587 2531 1747 2584 quibus

204 2601 437 2641 tribuimus
486 2598 679 2640 officium
728 2599 871 2639 beatae
921 2599 1089 2652 virgini,
1140 2600 1299 2639 dicitur
1346 2597 1603 2640 benedicfflo.
1668 2600 1749 2639 Per

203 2669 417 2722 virginem
468 2674 655 2708 matrem
706 2674 784 2709 etc.
848 2668 946 2708 Post
994 2669 1169 2708 tertiam
1219 2666 1452 2708 lectionem
1502 2668 1567 2708 Te
1615 2668 1747 2708 deum

204 2738 447 2786 laudamus,
490 2737 612 2777 cuius
654 2736 752 2777 loco
794 2738 837 2777 in
881 2738 1088 2786 aduentu,
1129 2743 1172 2777 et
1218 2737 1550 2790 quadragesima
1590 2737 1749 2778 dicitur

253 2891 265 2913 1
291 2890 485 2935 vesperam
508 2900 514 2923 :
534 2890 582 2923 R.
605 2891 646 2924 P.
666 2890 708 2924 A.
1056 2888 1070 2911 3
1090 2901 1173 2924 cum
1187 2889 1286 2933 signo
1301 2888 1420 2922 crucis
1440 2900 1446 2922 :
1465 2889 1559 2922 ΚΑ.

252 2937 315 2958 2-‘2
341 2937 440 2971 omit.
457 2936 518 2970 laic
536 2938 579 2970 R.
595 2937 722 2980 Ased
735 2937 822 2971 vide
835 2935 939 2981 infra
1056 2936 1119 2957 4“4
1144 2937 1209 2970 &o
1236 2948 1242 2970 z
1263 2937 1306 2970 R.
1325 2936 1368 2970 A.

205 2998 238 3031 p.
261 2984 352 3019 xxxi.
1057 2983 1070 3004 5
1097 2984 1212 3017 Cuius
1235 2994 1241 3016 τ
1264 2984 1306 3017 R.
1329 2984 1366 3017 P.
1387 2983 1430 3015 A.
