1981 3248
178 121 258 162 106

172 214 409 267 vigentem,
451 209 705 252 docfftissimis
751 209 871 250 libris
913 210 977 250 in·
1012 199 1016 203 ⁶

174 270 362 313 sectatus
403 270 474 311 est.
542 267 844 322 Quamobrem
886 268 976 309 Va-

174 330 305 371 lentis
358 334 403 370 et
451 327 611 380 Vrsatij
669 326 977 366 haereticorum

173 388 422 442 principum
439 385 622 439 impulsu
640 385 695 425 ab
713 384 978 437 imperatore

175 443 463 494 Constantio¹,
502 443 576 497 qui
613 442 802 496 ipsorum
845 441 977 482 errori

174 504 366 554 fauebat,
398 503 441 543 in
476 502 714 555 Phrygiam
747 500 977 552 relegatur.

174 562 308 603 Vnde
358 560 508 615 postea
559 558 737 613 publico
795 557 978 599 Caesaris

173 618 320 661 ed16³m
354 618 560 659 omnibus
593 617 650 657 ab
684 616 852 656 oriente
888 615 978 668 epi-

174 678 313 731 scopis
344 678 401 718 de
433 675 534 716 fidei
566 675 750 716 veritate
782 674 825 713 in
859 686 978 713 com-

174 749 307 776 mune
349 733 618 782 consulturis,
651 732 857 780 euocatis,
891 731 978 784 ipse

174 807 351 847 quoque
392 792 548 833 ascitus
591 790 850 838 Seleuciam,
890 803 978 842 quo

175 849 434 892 concilium²
475 850 729 902 cogebatur,
766 848 978 901 peruenit.

173 910 247 950 vbi
266 910 357 949 eius
374 908 641 962 potisfimum
659 907 831 954 virtute,
845 911 979 958 atque

174 966 376 1008 (1ΟᾶΓίηᾶ
390 966 560 1006 haeresis
578 964 748 1005 arriana
766 964 979 1004 damnata

175 1025 246 1066 est.
303 1025 392 1066 Sed
415 1023 548 1077 paulo
571 1022 665 1076 post
687 1021 887 1062 orientali
910 1035 978 1061 ec-

175 1083 302 1124 clefia
323 1082 630 1122 haereticorum
653 1080 810 1120 scelere
832 1079 979 1119 denuo

176 1141 444 1194 perturbata,
486 1139 648 1180 eisdem
693 1135 887 1178 Vrsatio³
935 1142 979 1177 et

175 1199 368 1240 Valente
385 1196 649 1245 auctoribus,
667 1196 740 1248 qui
760 1195 851 1235 eius
869 1208 979 1248 prce-

176 1257 307 1298 sentis
328 1254 637 1297 auctoritatem
660 1253 770 1294 serre
793 1266 881 1292 non
902 1266 980 1305 po-

174 1320 331 1364 terant,
374 1313 400 1354 a
443 1313 612 1354 Caesare
654 1311 784 1351 iussus
833 1310 894 1351 est
935 1311 978 1350 in

174 1373 355 1426 galliam
385 1371 553 1412 reuerti.
618 1369 720 1410 Huc
752 1368 885 1421 igitur
917 1381 979 1408 re-

176 1431 321 1471 uersus
345 1429 506 1470 multas
526 1428 717 1469 eiusdem
742 1426 980 1480 prouinciae

175 1489 377 1529 ciuitates
420 1487 591 1527 arriana
633 1485 751 1539 peste
797 1482 980 1525 infecfftas

176 1547 354 1600 synodis
406 1545 586 1586 subinde
639 1543 869 1584 celebratis
923 1543 978 1582 ad

175 1604 371 1646 veritatis
394 1604 535 1644 lucem
560 1602 747 1642 reduxit.
813 1600 981 1642 Claruit

177 1664 311 1703 etiam
348 1661 497 1702 multis
530 1659 759 1701 miraculis.
794 1671 979 1711 quorum

177 1721 284 1761 illud
318 1720 517 1773 inprimis
546 1718 739 1766 refertur,
766 1716 979 1756 infantem

178 1779 264 1819 sine
287 1777 550 1831 baptismate
568 1781 791 1816 mortuum
811 1774 912 1814 vitae
930 1787 981 1814 ac

178 1837 307 1877 matri
345 1836 401 1876 ab
438 1834 528 1889 ipso
565 1833 686 1873 fuisse
722 1832 980 1872 restitutum.

180 1894 279 1935 Post
315 1893 437 1935 varia
472 1893 605 1945 igitur
640 1890 882 1931 certamina
922 1889 981 1930 ob

178 1952 312 1992 fidem
374 1951 569 2003 suscepta
630 1946 872 1997 sanctitate,
930 1960 981 1987 ac

178 2008 381 2050 dorfflina
418 2008 559 2049 clarus
599 2007 743 2047 idibus
787 2004 979 2058 Ianuar-ij

179 2068 386 2121 migrauit
408 2067 464 2107 ad
487 2065 728 2107 dominum.

180 2163 223 2207 ΕΙ
241 2158 479 2199 Marcellus
484 2163 606 2220 papa.
617 2161 797 2232 φὲῑανζγν.
837 2153 983 2195 Laevo

505 2221 632 2256 tertza
656 2246 664 2255 .

189 2296 501 2380 lXJIArcellus
537 2294 681 2349 patria
717 2306 925 2334 romanus
960 2290 985 2332 a

190 2327 212 2382 1
318 2355 575 2397 Constantio
593 2359 636 2394 et
655 2352 831 2393 Galerio
853 2350 986 2404 Vsque

180 2415 238 2455 ad
281 2413 554 2454 Mazentium
596 2411 718 2464 gessit
755 2408 985 2462 pontifica-

180 2479 287 2512 tum.
352 2471 497 2511 Huius
520 2469 697 2509 hortatu
723 2466 912 2508 Priscilla
941 2472 985 2507 et

184 2530 352 2571 Lucina
404 2534 617 2568 matronae
667 2539 861 2566 romanae
907 2524 985 2564 ad-

181 2586 328 2628 ductae
345 2587 451 2633 sunt,
467 2585 604 2625 altera
618 2591 664 2625 vt
679 2582 984 2623 coemeterium

182 2646 264 2687 suis
302 2644 545 2697 sumptibus
581 2643 651 2682 via
689 2640 840 2682 salaria
881 2652 984 2680 con-

228 2767 240 2789 ¹
270 2764 510 2802 Constantino
534 2777 541 2798 ;
561 2765 599 2798 P.
616 2764 659 2798 A.

228 2814 242 2836 2
266 2813 456 2848 confilium
480 2813 548 2846 :A.

228 2861 242 2882 3
267 2859 414 2894 Vrsario
437 2870 443 2893 :
466 2860 503 2893 P.

232 2908 241 2929 ¹
268 2907 329 2942 die
346 2907 411 2940 .16.
432 2907 471 2940 in
491 2917 537 2939 m.

228 2955 241 2977 5
270 2954 433 2989 Luciana
458 2953 526 2988 :A.

863 129 1161 164 IANUARIUS.

1048 209 1239 251 strueret.
1274 210 1412 252 altera
1443 215 1491 252 vt
1524 209 1747 252 ecclesiam
1780 210 1850 250 dei

1047 267 1269 309 haeredem
1293 269 1465 309 suorum
1488 268 1706 309 bonorum
1735 267 1850 308 insti-

1046 331 1198 367 tueret.
1260 326 1434 367 Titulos
1475 327 1671 380 quinque
1707 331 1750 366 et
1787 326 1850 366 vi-

1047 385 1158 436 ginti
1182 385 1223 424 in
1247 385 1353 425 vrbe
1384 386 1530 425 Roma
1559 385 1677 425 idem
1707 383 1852 436 dispo-

1047 442 1140 491 suit,
1176 442 1295 495 quasi
1331 442 1521 483 dioceses
1558 443 1614 483 ad
1657 454 1853 482 commo-

1047 501 1234 540 ditatem
1267 500 1485 553 baptismi,
1514 505 1558 540 et
1590 513 1752 548 eorum,
1776 499 1851 552 qui

1047 559 1104 598 ad
1146 557 1281 598 fidem
1332 558 1488 599 Christi
1537 572 1596 598 ex
1643 557 1851 611 gentibus

1048 616 1247 669 quotidie
1283 616 1531 665 veniebant,
1564 621 1607 656 et
1644 615 1701 656 ad
1738 628 1852 655 mar-

1048 680 1198 726 tyrum
1221 673 1473 727 sepulturas.
1528 673 1700 726 Quibus
1723 672 1852 713 rebus

1049 732 1185 772 iratus
1229 732 1478 772 Mazentius
1522 730 1710 772 Lucina5
1746 730 1852 771 rele-

1048 796 1165 842 gata,
1188 790 1327 843 ipsum
1354 788 1506 830 minis6
1528 789 1752 842 impellere
1780 802 1853 828 co-

1050 854 1191 900 natur,
1210 855 1256 889 vt
1274 847 1314 888 se
1332 848 1592 901 pontificatu
1616 847 1852 894 abdicaret,

1049 912 1183 959 atque
1213 920 1373 947 nomen
1407 905 1686 948 christianum
1716 905 1852 957 depo-

1050 971 1182 1005 neret.
1252 965 1304 1005 In
1347 978 1435 1017 quo
1477 978 1577 1004 cum
1620 963 1661 1003 se
1702 962 1758 1003 ab
1800 976 1852 1002 eo

1050 1023 1214 1076 negligi
1237 1023 1620 1070 animaduerteret,
1643 1020 1782 1074 ipsum
1809 1020 1852 1060 in

1049 1082 1218 1122 viuaria
1266 1080 1322 1121 ad
1374 1094 1522 1121 curam
1575 1079 1851 1132 publicarum

1049 1138 1284 1179 bestiarum
1326 1138 1565 1178 damnauit.
1648 1138 1723 1178 Ex
1764 1149 1853 1189 quo

1050 1196 1147 1237 loco
1180 1211 1259 1237 nec
1292 1197 1513 1236 orationes
1545 1193 1647 1244 ille⁷,
1681 1208 1761 1235 nec
1794 1195 1852 1234 ie-

1049 1254 1168 1295 iunia
1210 1255 1565 1308 praetermittens,
1601 1252 1853 1306 parrochias

1049 1314 1183 1353 etiam
1208 1312 1409 1366 epistolis,
1426 1312 1604 1364 quando
1622 1311 1747 1351 aliter
1765 1323 1852 1350 non

1049 1371 1210 1411 licebat
1233 1370 1397 1411 multos
1419 1383 1557 1410 annos
1579 1368 1853 1422 gubernauit.

1052 1430 1246 1469 Demum
1277 1443 1334 1469 ex
1364 1428 1484 1468 foeda
1512 1427 1597 1477 illa,
1626 1432 1758 1479 atque
1790 1426 1854 1466 in-

1051 1487 1287 1528 commoda
1309 1485 1595 1533 habitatione,
1618 1485 1781 1537 pedore
1810 1489 1854 1524 et

1051 1546 1129 1586 situ
1153 1543 1378 1585 confeffitus
1400 1543 1524 1597 obijt.
1543 1543 1718 1595 eiusque
1736 1541 1855 1582 sanc-

1051 1604 1256 1644 tissimum
1302 1615 1459 1655 corpus
1508 1602 1550 1641 in
1600 1600 1854 1641 coemeterio

1053 1661 1254 1701 Priscillae
1304 1661 1375 1701 via
1427 1659 1598 1700 Salaria
1651 1658 1856 1711 sepelitur

1052 1719 1169 1772 xvij.
1192 1719 1398 1760 calendas
1425 1716 1664 1769 Februarij.
1728 1715 1854 1757 Sedit

1051 1784 1199 1818 autem
1249 1790 1386 1817 annos
1435 1775 1640 1828 quinque,
1685 1773 1854 1814 menses

1052 1836 1140 1885 sex,
1163 1836 1257 1876 dies
1279 1847 1414 1875 vnum
1438 1840 1481 1874 et
1505 1847 1592 1874 .XX.

1374 1925 1465 1967 Ora
1470 1925 1537 1966 tio.

1058 2004 1277 2086 PReces
1318 1999 1470 2055 populi
1507 1998 1570 2040 tui
1604 1998 1854 2052 quaesumus

1156 2060 1335 2101 domine
1357 2059 1596 2099 clementer
1614 2057 1791 2105 exaudi,
1807 2062 1854 2096 vt

1051 2120 1169 2161 beati
1190 2117 1388 2158 Marcelli
1407 2114 1610 2167 martyris
1628 2115 1704 2163 tui,
1721 2120 1854 2167 atque

1052 2176 1272 2232 pontificis
1291 2174 1455 2216 meritis
1473 2173 1733 2213 adiuuemur
1753 2188 1761 2213 :
1782 2186 1858 2212 cu-

1055 2238 1121 2277 ius
1143 2236 1334 2289 passione
1357 2233 1560 2273 laetamur
1584 2244 1591 2271 :
1615 2244 1700 2284 per.

1055 2332 1100 2377 61
1116 2329 1155 2369 A
1165 2327 1338 2369 ntonius
1350 2325 1390 2366 A
1400 2324 1500 2365 bbas
1515 2323 1668 2375 duplex
1680 2322 1824 2363 minus
1830 2321 1854 2364 ⁸.

1320 2383 1467 2425 Lec‘iio
1488 2396 1551 2435 22]
1567 2380 1591 2423 ⁹.

1054 2461 1309 2546 LQNtonius
1360 2460 1403 2500 in
1452 2458 1667 2510 Aegypto
1719 2454 1854 2496 nobili

1166 2532 1326 2573 genere
1386 2523 1527 2564 natus,
1580 2512 1854 2556 Constantini

1054 2578 1202 2632 magni
1229 2583 1429 2628 tempore
1459 2587 1558 2614 cum
1588 2573 1755 2612 intrans
1784 2584 1853 2611 ec-

1053 2636 1236 2684 clesiam,
1259 2640 1305 2675 vt
1335 2632 1511 2682 solebat,
1534 2629 1718 2671 audisset
1747 2627 1852 2668 illud

1099 2758 1112 2779 ⁶
1138 2757 1248 2792 nimis
1273 2768 1279 2790 :
1302 2756 1339 2789 P.

1098 2805 1110 2827 ⁷
1137 2806 1208 2839 illae
1232 2804 1301 2838 :A.

1099 2852 1112 2873 8
1138 2852 1197 2886 die
1215 2860 1281 2892 .17.
1301 2850 1342 2883 in
1361 2861 1407 2883 m.

1099 2900 1112 2921 9
1138 2902 1215 2936 δάι’.
1239 2910 1244 2932 ζ
1266 2897 1349 2931 add.
1369 2897 1411 2930 A.
