1981 3248
114 156 172 207 46
853 163 952 195 PRE
959 162 1057 194 CES.

438 243 601 286 Oratio.

123 319 315 403 DEus,
365 319 439 371 qui
496 319 625 371 culpa
673 315 921 363 offenderis,

239 377 503 431 poenitentia
525 375 710 429 placaris
738 391 745 416 :
771 387 922 428 preces

119 436 270 490 populi
299 435 363 475 tui
390 434 673 488 supplicantis
705 432 923 485 propitius

117 494 278 547 respice
294 508 301 533 :
317 500 360 533 et
378 492 553 545 flagella
567 498 655 532 tuae
672 489 923 539 iracundiae,

117 566 218 605 quae
252 565 331 604 pro
368 550 562 603 peccatis
598 548 753 589 nostris
785 561 924 588 mere-

120 623 218 650 mur
241 625 248 649 :
271 615 430 650 auerte.

441 714 603 755 Oratio.

123 790 472 875 OMnipotens
514 788 776 841 sempiterne
817 787 926 827 deus

258 847 459 888 miserere
495 846 648 887 famuli
690 846 754 886 tui
796 859 926 898 papae

121 906 252 947 nostri
282 921 290 946 ε
316 912 360 946 et
391 905 531 958 dirige
561 918 661 945 eum
689 903 926 944 secundum

120 971 244 1006 tuam
267 963 548 1004 clementiam
572 963 614 1002 in
638 962 754 1002 viam
779 960 927 1001 salutis

122 1028 300 1063 aeternae
324 1037 331 1062 ε
358 1026 405 1062 vt
434 1027 479 1061 te
505 1021 700 1060 donante
726 1019 805 1059 tibi
836 1018 928 1072 pla-

122 1081 209 1121 cita
232 1080 381 1133 cupiat
401 1094 408 1119 :
432 1085 475 1119 et
497 1084 593 1119 tota
614 1079 776 1118 virtute
798 1076 928 1130 profi-

122 1139 219 1179 ciat.

446 1227 537 1268 Ora
542 1228 607 1268 lio.

132 1304 322 1387 DEus,
354 1302 379 1343 a
409 1316 496 1355 quo
520 1300 668 1342 saneta
689 1301 928 1352 desyderia‚

248 1359 364 1402 re<3³ca
397 1359 584 1401 confilia,
619 1365 661 1399 et
694 1358 802 1398 iusta
833 1358 930 1398 sunt

125 1433 284 1473 opera:
307 1419 365 1459 da
387 1418 516 1458 seruis
539 1418 625 1458 tuis
647 1416 778 1465 illam,
795 1429 928 1469 quam

126 1478 316 1518 mundus
338 1477 443 1516 dare
465 1489 552 1516 non
572 1481 730 1528 potest,
748 1487 902 1527 pacem
923 1489 929 1513 :

127 1543 173 1577 vt
195 1542 238 1576 et
260 1536 393 1575 corda
423 1533 566 1574 nostra
593 1532 814 1572 mandatis
843 1532 929 1572 tuis

127 1595 279 1634 dedita
308 1609 316 1633 :
345 1598 389 1633 et
421 1591 608 1632 hostium
645 1591 814 1631 sublata
846 1589 930 1629 for-

128 1652 305 1699 midine,
346 1656 548 1702 tempora
590 1649 669 1689 smt
715 1655 791 1688 tua
833 1661 931 1701 pro-

126 1709 318 1751 teOEtione
342 1707 586 1761 tranquilla.

451 1815 613 1857 Gratia

132 1894 290 1976 VRe
320 1893 420 1945 igne
446 1889 581 1931 sancffti
612 1891 783 1944 spiritus
810 1903 933 1929 renes

259 1951 437 1997 nostros>
464 1955 508 1989 et
536 1963 610 1989 cor
636 1948 828 1988 nostrum
856 1948 934 1987 do-

133 2010 251 2050 mine
281 2024 289 2049 :
317 2014 364 2049 vt
390 2007 470 2048 tibi
497 2006 614 2047 casto
641 2019 824 2059 corpore
852 2005 933 2044 ser-

133 2069 304 2108 uiamus
323 2081 330 2107 :
353 2072 395 2107 et
419 2065 587 2105 mundo
609 2064 740 2105 corde
763 2064 934 2117 placea-

133 2139 241 2167 mus,

454 2212 544 2254 0771
550 2213 616 2252 lio.

173 2290 402 2331 “Idelium
445 2289 553 2328 deus
594 2287 793 2326 omnium
836 2299 938 2326 con-

248 2349 377 2397 ditor,
405 2352 447 2386 et
475 2346 739 2397 redemptor,
771 2343 938 2383 anima-

137 2407 219 2447 bus
260 2405 536 2451 famulorum‚
584 2401 937 2453 famularumque

135 2472 309 2506 tuarum
347 2462 634 2503 remissionem
679 2457 938 2500 cun&orum

137 2523 279 2563 tiibue
301 2527 584 2575 peccatorum
609 2533 616 2557 :
639 2524 686 2558 vt
709 2517 938 2569 indulgen-

136 2581 257 2627 tiam,
283 2592 416 2632 quam
444 2577 611 2629 semper
637 2580 904 2628 optauerunt
932 2589 939 2614 :

137 2638 220 2691 pijs
249 2634 639 2691 supplicationibus
672 2632 940 2685 consequan-

136 2703 217 2736 tur.

459 2777 620 2817 Oratio.

139 2854 381 2936 fftiones
405 2852 568 2891 nostras
592 2851 840 2904 quaesumus
863 2850 940 2889 do-

252 2911 370 2951 mine
398 2909 629 2962 aspirando
658 2907 863 2961 praeueni,
897 2913 940 2946 et

138 2969 391 3011 adiuuando
415 2967 671 3020 prosequere
691 2981 697 3005 :
718 2971 765 3006 vt
783 2962 940 3005 cuneta

989 239 1134 279 nostra
1176 239 1328 286 oratio,
1363 243 1406 278 et
1447 237 1645 291 operatio
1687 235 1712 277 a
1753 241 1798 276 te

990 297 1159 349 semper
1184 297 1365 349 incipiat
1389 311 1396 336 :
1419 302 1463 336 et
1485 309 1563 349 per
1584 301 1628 336 te
1649 300 1797 348 coepta

991 355 1178 396 finiatur.

1314 461 1479 503 Oratio.

995 547 1342 631 OMnipotens
1380 546 1641 599 sempiterne
1676 545 1798 592 deus,

1124 606 1198 658 qui
1236 605 1438 645 viuorum
1473 603 1714 644 dominaris
1750 603 1798 642 s1-

993 662 1094 711 mul,
1118 669 1162 703 et
1185 668 1459 702 mortuorum
1481 677 1488 702 :
1512 662 1800 714 omniumque

994 721 1205 761 misereris
1223 736 1231 761 :
1249 734 1360 773 quos
1377 726 1477 760 tuos
1492 719 1590 768 fide,
1606 725 1650 759 et
1667 732 1800 772 opere

994 779 1163 819 futuros
1196 778 1279 819 esse
1316 777 1548 831 praenoscis
1580 793 1588 818 :
1622 783 1666 818 te
1703 777 1799 830 sup-

995 837 1130 890 plices
1162 850 1410 885 exoramuS,
1445 842 1492 876 vt
1524 849 1604 888 pro
1637 835 1799 889 quibus

995 895 1221 936 effundere
1267 908 1418 947 preces
1465 893 1742 934 decreuimus
1790 907 1798 932 :

996 953 1190 1006 quosque
1207 952 1275 993 vel
1300 951 1487 1005 praesens
1510 951 1700 991 seculum
1723 950 1800 991 ad-

997 1012 1081 1051 huc
1100 1012 1143 1051 in
1158 1024 1289 1051 carne
1306 1010 1464 1050 retinet
1487 1025 1496 1050 z
1517 1009 1586 1050 vel
1605 1009 1799 1049 futurum

997 1070 1083 1109 iam
1107 1075 1267 1109 exutos
1289 1081 1472 1120 corpore
1495 1067 1677 1120 suscepit
1700 1081 1708 1107 :
1735 1067 1799 1106 in-

997 1127 1324 1168 tercedentibus
1381 1125 1585 1165 omnibus
1643 1122 1800 1165 sanetis

997 1186 1084 1225 tuis
1114 1184 1291 1237 pietatis
1323 1190 1411 1224 tuae
1443 1183 1677 1223 clementia
1708 1196 1802 1222 om-

997 1244 1118 1283 nium
1142 1240 1405 1282 deli&0rum
1428 1241 1601 1281 suorum
1623 1241 1799 1281 veniam

998 1301 1331 1354 consequantur.
1426 1299 1508 1339 Per
1569 1299 1801 1343 dominum

999 1358 1191 1399 nostrum
1232 1357 1374 1398 Iesum
1415 1356 1620 1397 christum
1663 1356 1802 1396 filium

997 1424 1123 1457 tuum
1147 1432 1154 1456 :
1178 1416 1251 1468 qui
1275 1422 1419 1456 tecum
1438 1415 1557 1461 Viuit,
1582 1420 1626 1455 et
1648 1419 1802 1467 regnat

999 1475 1041 1514 in
1064 1475 1231 1515 vnitate
1255 1473 1426 1526 spiritus
1449 1471 1582 1512 san&i
1600 1473 1709 1513 deus
1728 1486 1805 1525 per

999 1533 1149 1573 omnia
1171 1532 1312 1572 secula
1340 1530 1590 1571 seculorum.
1642 1531 1695 1571 R.
1739 1531 1804 1570 A-

1001 1604 1113 1631 men.
1177 1589 1221 1631 V.
1267 1590 1587 1630 Benedicamus
1609 1588 1801 1629 domino.

1000 1649 1054 1689 R.
1101 1648 1200 1688 Deo
1234 1648 1408 1700 gratias.
1488 1646 1532 1688 V.
1584 1646 1801 1687 Fidelium

1001 1707 1159 1746 animae
1183 1719 1259 1759 per
1285 1705 1623 1749 misericordiam
1647 1704 1716 1744 dei
1739 1718 1803 1745 re-

1002 1764 1226 1818 quiescant
1249 1765 1290 1804 in
1315 1777 1434 1816 pace.
1494 1762 1549 1804 R.
1592 1762 1755 1804 Amen.

1080 1892 1124 1937 fl]
1149 1888 1229 1929 Ad
1247 1887 1446 1941 vesperas.
1508 1886 1726 1938 Hymnus.

1005 1982 1175 2064 AVres
1194 1981 1248 2021 ad
1269 1979 1434 2020 nostras
1452 1979 1631 2020 deitatis
1653 1993 1805 2032 preces

1119 2040 1242 2080 Deus
1275 2038 1437 2078 inclina
1475 2038 1640 2091 pietate
1673 2037 1761 2078 sola
1800 2052 1807 2078 :

1005 2097 1267 2150 Supplicum
1324 2102 1429 2136 vota
1486 2095 1649 2149 suscipe

1004 2169 1156 2196 camur
1178 2153 1350 2195 Famuli
1372 2153 1447 2194 tui.

1069 2213 1250 2266 Respice
1272 2212 1465 2252 clemens
1483 2210 1588 2251 solio
1609 2211 1665 2251 de
1688 2211 1808 2252 sanc-

1006 2271 1212 2321 t0‚Vultu
1224 2270 1372 2310 sereno
1384 2268 1807 2322 lampadesillustra:

1010 2329 1198 2370 Lumine
1249 2334 1326 2368 tuo
1377 2327 1582 2368 tenebras
1633 2326 1807 2380 depelle

1010 2387 1180 2428 Pectori
1204 2386 1357 2426 nostro.

1068 2444 1265 2487 Crimina
1293 2443 1398 2484 laxa
1430 2443 1595 2496 pietate
1628 2442 1768 2483 multa
1800 2457 1809 2484 t

1010 2503 1159 2544 Ablue
1181 2502 1337 2550 sordes,
1355 2500 1530 2542 vincula
1552 2500 1773 2553 disrumpe
1799 2515 1807 2541 :

1012 2562 1145 2601 Parce
1188 2559 1392 2613 peccatis,
1428 2558 1575 2598 releua
1616 2558 1808 2599 iacentes

1011 2620 1212 2659 Dextera
1234 2624 1325 2658 tua.

1068 2677 1135 2717 Te
1166 2676 1252 2716 fine
1284 2680 1399 2715 tetro
1431 2673 1670 2726 mergimur
1710 2686 1809 2726 pro-

1010 2734 1148 2774 fundo
1193 2747 1201 2774 ;
1245 2732 1459 2772 Labimur
1507 2731 1598 2771 alta
1639 2730 1808 2771 sceleris

1010 2792 1087 2832 sub
1109 2791 1227 2831 vnda
1245 2805 1253 2830 ε
1273 2789 1458 2830 Brachio
1480 2794 1557 2829 tuo
1579 2788 1809 2829 trahamur

1010 2850 1064 2890 ad
1089 2849 1206 2888 clara
1229 2847 1399 2900 Sydera
1422 2845 1534 2886 coeli.

1069 2906 1235 2948 Christe
1277 2905 1354 2945 lux
1389 2918 1502 2953 vera,
1538 2904 1727 2953 bonitas,
1766 2910 1810 2945 et

1010 2966 1111 3011 vita,
1164 2963 1386 3004 Gaudium
1449 2962 1616 3011 mundi,
1668 2962 1809 3015 pietas

1707 2109 1805 2149 pre-
