1981 3248
170 137 249 177 124

166 220 666 261 mastudiorumsuorum
678 225 968 260 monumenta

166 293 245 333 pro
298 279 386 319 fide
442 279 672 319 christiana
723 277 965 331 posteritati

165 337 350 391 reliquit.
406 337 466 377 Et
489 338 530 377 in
554 336 621 376 his
640 336 966 390 apologeticum

166 396 325 437 librum
358 409 437 448 pro
469 394 711 435 christianis
738 395 792 434 ad
821 394 967 434 Anto-

166 455 319 495 ninum
331 454 520 503 Pium,et
535 453 721 493 alterum
737 453 791 492 ad
809 451 967 492 succes-

166 513 303 553 sorem
333 511 460 551 huius
484 511 764 551 Antoninum
788 510 965 550 Verum.

168 571 282 611 Item
300 571 411 611 duos
430 569 561 609 libros
584 575 736 609 contra
758 581 967 621 paganos.

171 629 257 669 Hic
280 642 378 668 cum
405 628 446 667 in
469 627 573 667 vrbe
598 627 744 666 Roma
767 626 967 678 frequen-

167 694 234 727 ter
255 700 334 739 pro
357 685 443 725 fide
467 685 622 726 Christi
641 684 904 737 disputasset,
925 690 968 724 et

167 744 444 786 Crescentem
487 741 729 796 quendaml
763 742 967 795 cynicum

168 802 380 857 (moribus
447 808 490 842 et
551 800 808 854 professione
868 813 969 840 vere

165 859 340 913 canem)
408 859 548 900 multa
610 860 651 899 in
714 858 969 898 christianos

166 919 365 959 conuicia
396 916 635 958 iaetantem
672 916 783 969 saepe
826 916 970 956 redar-

166 977 332 1031 guisset,
390 977 445 1016 ab
512 976 669 1015 eodem
733 974 968 1022 accusatus,

167 1036 286 1088 quod
319 1034 574 1074 christianus
601 1033 716 1082 esset,
738 1033 970 1085 capiteque

167 1094 404 1133 damnatus
462 1091 673 1144 martyrio
725 1097 967 1130 coronatur.

168 1151 300 1204 Quod
344 1151 404 1190 ita
438 1149 633 1190 futurum
673 1154 839 1201 martyr
881 1147 969 1200 ipse

167 1210 421 1262 predixerat
444 1208 486 1247 in
505 1206 753 1248 defensione
772 1206 970 1254 secunda,

167 1280 300 1320 quam
343 1280 422 1319 pro
463 1264 704 1305 christianis
757 1264 968 1304 ediderat.

169 1325 315 1365 Passus
358 1323 417 1364 est
459 1329 606 1363 autem
651 1322 969 1375 imperantibus

168 1384 321 1423 Marco
340 1381 522 1422 Aurelio
539 1381 657 1421 Vero
675 1387 718 1420 et
735 1380 969 1420 Antonino

167 1442 260 1482 eius
283 1440 372 1481 filio
396 1439 540 1480 idibus
563 1438 743 1492 Aprilis.

209 1558 252 1603 (ἶ
300 1553 568 1603 Valerianus,
613 1552 856 1605 Tyburtz'as,
888 1558 929 1592 et

215 1613 355 1655 caeteri
375 1618 594 1665 martyres.
657 1610 801 1651 Lectio
825 1610 917 1663 .2'2‘j².

170 1688 495 1772 VAlerianus
518 1700 677 1740 genere
695 1700 912 1735 romanus,
928 1693 971 1726 et

288 1747 405 1787 idem
445 1745 729 1785 nobilissimus
771 1750 971 1797 tempore

171 1805 309 1845 Marci
340 1803 508 1856 Aurelij
534 1802 752 1843 Antonini
786 1803 971 1855 impera-

170 1864 276 1904 toris
313 1861 523 1903 caeciliam
566 1861 639 1901 sibi
682 1874 806 1913 aeque
849 1860 973 1900 nobi-

171 1922 370 1962 lisfimam
412 1919 582 1972 accepit
615 1931 813 1967 onrem,
851 1918 972 1958 cuius

173 1978 357 2032 impulsu
411 1984 545 2030 atque
598 1976 799 2029 precibus
863 1975 973 2028 (erat

173 2039 288 2078 enim
341 2036 397 2076 ab
444 2036 622 2075 ineunte
664 2040 797 2074 aetate
840 2033 973 2074 fidem

174 2093 347 2147 edo&a)
358 2095 412 2134 ad
424 2092 701 2133 christianam
718 2091 974 2145 religionem

176 2151 346 2194 reiectis
370 2151 497 2192 idolis
527 2150 760 2191 conuersus
788 2150 858 2198 est,
881 2156 925 2190 et
952 2148 977 2190 a

176 2210 325 2252 san6³c0
351 2210 534 2251 Vrbano
566 2222 682 2262 papa
714 2208 977 2261 baptizatus.

176 2269 321 2323 Quem
345 2267 588 2321 Tyburtius
620 2267 711 2306 eius
741 2279 977 2319 germanus

177 2328 385 2375 imitatus,
437 2325 493 2366 ab
550 2324 707 2365 eodem
769 2323 978 2377 pontifice

176 2385 437 2439 baptizatur.
518 2381 780 2423 Almachius
847 2382 979 2435 igitur

178 2441 410 2497 prefeftus
445 2447 488 2482 et
530 2440 861 2480 christianorum
904 2440 979 2480 sae-

179 2502 369 2541 uissimus
423 2498 567 2547 hostis,
614 2512 714 2539 cum
766 2497 846 2538 hos
897 2498 980 2538 esse

180 2558 444 2605 christianos,
469 2563 512 2597 et
544 2557 860 2609 patrimonium
894 2556 980 2595 iam

180 2614 605 2668 omne³pauperibus
621 2614 812 2666 erogasse
821 2627 982 2667 cogno-

181 2674 316 2723 uisset,
359 2672 533 2713 eosdem
576 2672 631 2712 ad
676 2671 716 2712 se
757 2678 897 2720 vocat,
940 2677 983 2711 et

182 2732 337 2773 acriter
360 2731 564 2782 increpat.
620 2730 678 2769 Et
695 2729 789 2782 post
805 2729 982 2782 longam

181 2791 236 2832 de
259 2789 344 2830 fide
377 2787 547 2835 Christi,
568 2787 711 2840 deque
742 2786 861 2828 cultu
894 2787 987 2828 ido-

253 2886 265 2908 1
291 2886 453 2930 quedam
475 2896 482 2919 :
504 2885 541 2918 Ρ.

252 2932 266 2954 2
291 2934 348 2967 die
370 2942 420 2974 14.
440 2933 480 2966 in
499 2943 545 2965 m.

253 2980 266 3002 3
291 2991 401 3015 omne
424 2991 430 3014 :
450 2990 517 3013 om.
540 2978 577 3012 P.

896 140 1105 172 APRJLJS.

1037 219 1178 259 lorum
1211 219 1553 272 disputationem
1583 220 1695 260 inter
1727 218 1839 273 ipsos

1036 277 1149 317 Vltro
1178 278 1375 331 citroque
1406 277 1616 325 habitam,
1640 277 1694 317 ad
1728 278 1838 317 iouis

1036 335 1341 375 simulachrum
1359 335 1533 376 eosdem
1544 335 1702 376 deduci
1717 335 1838 375 iubet

1036 399 1111 433 aut
1127 392 1453 443 sacrificaturos,
1468 399 1543 434 aut
1561 393 1709 446 aliquo
1725 406 1837 433 mor-

1036 451 1090 491 tis
1143 464 1302 503 genere
1353 465 1487 504 quam
1534 451 1838 491 immanissime

1037 509 1299 549 interituros.
1366 508 1434 549 Illi
1463 523 1565 549 vero
1598 509 1641 549 in
1673 509 1837 549 confes-

1037 567 1152 607 sione
1195 567 1351 608 Christi
1394 567 1645 620 perstantes,
1676 573 1720 607 et
1761 580 1837 620 pa-

1039 631 1179 665 ratam
1214 625 1288 665 fibi
1330 630 1374 665 et
1415 624 1618 665 fidelibus
1652 624 1837 678 gloriam

1037 684 1327 736 predicantes,
1382 689 1569 723 mortem
1622 683 1838 736 impietati

1039 741 1337 795 praetulerunt.
1378 741 1535 794 Itaque
1551 741 1838 781 extravrbem

1038 798 1184 841 edu<ffi
1201 800 1256 840 ad
1267 805 1472 852 quartum
1490 797 1839 852 lapiden1.xviij.⁴³

1038 858 1243 899 calendas
1278 857 1384 910 Maij
1417 871 1516 897 cum
1548 857 1715 897 summa
1737 856 1839 897 fidei

1038 916 1281 957 constantia
1332 915 1617 956 trucidantur.
1692 913 1838 967 Quam

1038 975 1278 1015 demiratus
1313 973 1541 1013 Maximus
1573 973 1638 1013 vir
1670 972 1840 1021 nobilis,

1038 1033 1112 1086 qui
1145 1032 1301 1072 horum
1339 1031 1621 1071 decollationi
1655 1030 1841 1084 praefuit,

1039 1104 1158 1130 cum.
1188 1089 1408 1129 nonnullis
1451 1088 1685 1129 satellitum
1738 1102 1840 1129 con-

1040 1148 1186 1188 uersus
1239 1147 1321 1188 est:
1373 1153 1417 1188 et
1462 1153 1642 1200 propter
1684 1146 1839 1188 Christi

1039 1205 1346 1246 confessionem
1399 1219 1552 1245 omnes
1604 1204 1734 1258 Vsque
1785 1205 1840 1245 ad

1040 1277 1192 1304 necem
1245 1263 1487 1316 plumbatis
1541 1263 1646 1312 caesl,
1701 1276 1842 1316 eoque

1041 1321 1234 1375 supplicij
1276 1335 1435 1374 genere
1472 1321 1684 1373 martyrio
1721 1334 1840 1361 coro-

1041 1381 1131 1420 nati
1176 1380 1282 1428 sunt,
1319 1385 1363 1419 et
1405 1379 1460 1419 ad
1504 1379 1735 1419 dominum
1779 1379 1843 1419 in-

1040 1436 1254 1479 ui&iss1mi
1278 1437 1634 1490 commigrarunt.

1363 1539 1524 1581 Oratio.

1048 1611 1272 1694 PRaesta
1295 1610 1544 1664 quaesumus
1562 1610 1844 1662 omnipotens

1157 1670 1275 1718 deus,
1298 1675 1344 1709 vt
1366 1669 1439 1721 qui
1463 1666 1709 1708 san&orum
1734 1680 1845 1707 mar-

1041 1734 1187 1781 tyrum
1232 1734 1407 1767 tuorum
1453 1725 1672 1778 Tyburtij,
1713 1725 1843 1765 Vale-

1042 1787 1149 1826 riani
1167 1792 1210 1825 et
1226 1784 1417 1825 Maximi
1434 1783 1627 1824 solennia
1642 1783 1844 1823 colimus:

1041 1857 1192 1884 eorum
1226 1843 1359 1883 etiam
1388 1842 1570 1883 virtutes
1604 1841 1845 1881 imitemur:

1043 1916 1120 1955 per
1142 1901 1384 1942 dominum.

1085 2019 1128 2063 11
1163 2015 1202 2056 A
1201 2014 1417 2069 pellonias
1442 2013 1628 2054 Senator
1647 2020 1826 2067 martyr.

1312 2072 1456 2113 Lefft’io
1479 2070 1573 2125 .iij⁵.

1108 2148 1331 2189 Pollonius
1364 2160 1559 2187 romanae
1587 2146 1705 2187 vrbis
1728 2145 1845 2186 sena-

1157 2212 1227 2246 tor
1268 2219 1355 2246 non
1398 2204 1536 2245 solum
1571 2204 1740 2257 opibus,
1775 2203 1846 2244 sed

1046 2264 1299 2305 liberalibus
1341 2263 1474 2304 etiam
1512 2261 1760 2315 disciplinis,
1797 2275 1847 2302 ac

1046 2337 1219 2364 morum
1277 2321 1530 2374 integritate
1587 2319 1741 2368 clarus,
1791 2320 1846 2360 ad

1051 2380 1268 2423 Christum
1302 2378 1534 2420 conuersus
1568 2378 1706 2418 Lucio
1751 2377 1846 2418 Au-

1048 2439 1153 2479 relio
1171 2437 1421 2479 Commodo
1436 2435 1850 2489 imperatore‚chris-

1049 2498 1181 2538 tianae
1231 2495 1406 2550 pietatis
1458 2494 1659 2546 egregius
1710 2492 1851 2534 cultor

1050 2555 1142 2603 fuit,
1167 2567 1266 2594 cum
1294 2553 1381 2593 iam
1414 2551 1653 2605 persecutio
1683 2550 1851 2591 sublata

1052 2613 1134 2653 esse
1167 2612 1399 2659 videretur,
1431 2609 1527 2662 lege
1559 2608 1849 2662 promulgata,

1053 2670 1123 2710 Ne
1174 2668 1389 2709 christiani
1442 2673 1740 2720 quaererentur
1794 2667 1849 2707 ad

1053 2740 1245 2782 poenam,
1298 2726 1368 2766 sed
1420 2725 1556 2765 oblati
1613 2725 1850 2764 dumtaxat

1052 2785 1321 2839 punirentur,
1356 2796 1490 2837 poena
1522 2783 1655 2823 etiam
1699 2782 1850 2823 mortis

1128 2881 1141 2902 4
1165 2893 1211 2915 xv
1234 2892 1240 2915 :
1263 2882 1300 2914 P.
1316 2880 1359 2913 A.

1127 2928 1141 2949 5
1166 2928 1226 2963 die
1243 2927 1309 2961 .18.
1330 2928 1370 2961 in
1389 2938 1434 2960 m.
