1981 3248
887 158 918 189 A
923 156 1094 189 PRJLJS.

141 237 310 289 magnis
340 236 542 289 precibus
571 242 614 276 et
636 235 830 288 praemijs
860 236 939 275 im-

141 295 340 346 petrauit.
409 294 544 335 Cuius
596 293 776 333 nomine
826 298 939 332 tem-

140 351 262 403 plum
315 351 581 392 aedificatum
628 350 687 390 est
730 350 938 403 Legione‚

140 408 212 448 vbi
273 408 465 462 sepultus
527 407 746 448 miraculis
797 407 939 448 clarus

140 466 296 506 colitur
319 480 481 520 magna
503 466 655 519 populi
678 465 898 518 religione.

254 564 298 608 {1
332 561 494 615 Xystus
505 569 621 615 papa
644 567 821 613 martyr.

401 620 545 660 Lemo
567 617 665 672 ‚2'2‘j¹.

141 693 364 775 X<Ystus
406 707 533 758 papa,
571 694 645 746 qui
688 693 829 746 patria
871 706 938 757 ro-

142 747 169 775 A
259 765 415 791 manus
438 752 532 800 fu1t‚
553 751 741 791 ecclesiae
764 749 938 803 praefuit

141 809 196 849 ab
218 809 406 849 Adriani
437 810 712 862 imperatoris
739 815 938 860 tempore

139 866 270 920 vsque
299 868 354 907 ad
387 867 552 907 Verum
588 873 631 907 et
665 865 937 906 Anniculum

140 924 346 965 consules.
429 924 515 978 Qui
573 938 721 965 curam
788 924 938 976 praeci-

139 996 273 1035 puam
316 983 381 1035 (vt
425 997 503 1034 par
539 988 648 1031 erat)
684 983 742 1022 rei
775 982 938 1021 diuinae

139 1053 305 1092 gerens,
325 1040 564 1081 constituit:
589 1054 642 1080 ne
665 1041 761 1092 quis
780 1045 939 1092 praeter

140 1098 357 1138 ministros
395 1098 625 1146 sacrorum,
660 1097 861 1150 mysteria
896 1103 938 1137 et

138 1155 238 1196 vasa
260 1155 376 1196 sacra
398 1157 684 1208 contingeret,
701 1154 938 1208 praesertim

141 1213 336 1255 foemina.
396 1214 509 1253 Item
544 1214 685 1253 vetuit
717 1213 824 1266 lege,
859 1213 939 1260 Ne,

140 1271 258 1324 quod
269 1271 513 1312 sacerdotes
528 1270 751 1324 corporale
766 1276 937 1317 vocant,

141 1342 198 1368 ex
236 1329 332 1377 alio,
370 1343 503 1382 quam
539 1343 596 1369 ex
630 1328 746 1368 lineo
780 1341 940 1381 panno,

141 1400 281 1440 eoque
327 1387 545 1440 purissimo
597 1386 730 1426 fieret.
795 1385 939 1425 Huius

140 1443 221 1484 fuit
244 1444 498 1485 institutum.
552 1444 620 1484 Ne
642 1443 843 1496 episcopi,
865 1444 939 1496 qui

142 1502 197 1542 ad
245 1502 389 1542 sedem
441 1502 725 1555 apostolicam
768 1501 940 1541 fuissent

140 1560 294 1608 vocati,
328 1561 559 1600 redeuntes
602 1558 627 1599 a
663 1559 745 1599 suis
778 1559 940 1612 recipe-

142 1624 301 1666 rentur,
324 1617 398 1657 nifi
421 1617 568 1658 literas
591 1617 809 1657 deferrent
832 1630 940 1669 pon-

140 1675 269 1715 tificis
311 1675 523 1728 populum
567 1675 628 1715 eis
666 1674 939 1714 commissum

141 1732 378 1774 salutantis
440 1733 589 1785 thue
618 1733 661 1772 in
689 1732 811 1772 missa
841 1745 941 1772 can-

140 1797 316 1840 taretur,
337 1789 536 1837 San&us,
556 1788 739 1840 sanctus,
757 1788 942 1838 sanstus,

141 1849 346 1888 dominus
380 1849 487 1889 deus
521 1848 712 1888 sabaoth.
776 1847 941 1900 Xystus

141 1906 330 1958 denique
382 1906 454 1946 vbi
516 1906 815 1946 ordinationes
875 1911 942 1945 ter

142 1964 287 2003 mense
321 1964 557 2004 Decembri
587 1963 800 2003 habuisset
829 1976 941 2003 mar-

143 2022 257 2073 tyrio
279 2028 513 2061 coronatus
537 2022 579 2061 in
602 2021 822 2061 Vaticano
845 2020 942 2073 .viij.

142 2079 239 2119 idus
276 2079 442 2132 Aprilis
485 2079 700 2132 sepelitur,
742 2092 840 2118 cum
883 2078 943 2118 se-

143 2136 268 2177 disset
300 2150 437 2177 annos
471 2151 524 2177 .X.
559 2136 726 2176 menses
759 2135 826 2188 .iij.
850 2136 943 2175 dies

143 2208 249 2246 ,xxJ.

193 2311 236 2356 ΙΙ
270 2308 355 2348 Leo
367 2307 543 2361 primns
553 2314 669 2360 papa
690 2306 898 2359 confessor.

384 2365 529 2406 Lec‘Zz'o
551 2365 677 2405 tertia
685 2363 709 2405 ².

191 2442 258 2482 Eo
288 2454 404 2494 papa
435 2441 613 2480 natione
644 2439 799 2488 tuscus,
822 2444 945 2492 patre

169 2539 175 2544 ,
265 2497 537 2551 Quintiano³,
551 2511 603 2537 eo
621 2503 820 2549 tempore
837 2509 945 2550 pon-

145 2556 358 2596 tificatum
401 2556 533 2609 gesfit,
566 2569 654 2608 quo
688 2554 834 2594 Attila
867 2568 945 2594 rex

144 2614 392 2654 hunnorum
430 2612 654 2666 flagellum
689 2613 757 2652 dei
795 2611 944 2664 appel-

145 2672 270 2717 latus,
295 2671 548 2724 Aquileiam
571 2671 711 2723 primo
735 2670 777 2709 in
802 2669 944 2709 Italiae

147 2730 284 2770 limite
298 2729 492 2782 posnam,
505 2728 600 2781 post
617 2728 794 2781 longam
814 2727 944 2767 trien-

216 2876 226 2897 ¹
253 2877 313 2911 die
331 2877 373 2911 .6.
393 2878 433 2911 in
453 2889 498 2910 m.
542 2887 563 2920 9
587 2888 592 2911 ;
618 2879 654 2911 P.

215 2922 228 2943 2
254 2923 313 2957 die
330 2934 396 2957 .11.
416 2925 456 2957 in
475 2935 519 2957 m.

215 2970 229 2991 3
256 2970 499 3015 Quintiniano
523 2982 528 3004 :
552 2972 588 3004 P.
606 2972 646 3004 A.

1735 146 1810 187 123

1011 234 1068 286 nij
1104 234 1384 274 obsessionem
1417 239 1592 286 captam
1622 233 1812 285 diripuit,

1010 298 1142 344 atque
1184 291 1389 332 incendit.
1450 291 1580 330 Vnde
1619 291 1808 330 Romam

1010 349 1171 389 infestis
1223 348 1351 401 signis
1407 347 1715 401 progredienti,
1769 354 1812 387 et

1009 407 1171 459 copias,
1205 420 1292 459 qua
1325 406 1515 446 Mincius
1548 405 1716 445 Padum
1750 404 1813 444 in-

1009 463 1116 512 fluit,
1132 464 1331 515 traijcere
1349 461 1553 516 paranti4.
1598 462 1690 502 Leo
1705 476 1812 515 pon-

1008 521 1119 562 tifex
1149 522 1213 562 vir
1240 518 1521 561 fflncffisfimus
1548 521 1744 567 occurrit,
1767 526 1810 560 et

1008 593 1062 619 ne
1093 578 1206 620 vltra
1243 578 1581 632 progrederetur
1622 591 1705 630 ope
1746 578 1810 617 di-

1009 637 1110 677 uina
1133 636 1389 677 mirabiliter
1410 635 1622 689 persuafit.
1666 635 1810 675 Attila

1009 696 1125 735 enim
1168 708 1255 734 non
1290 700 1381 734 tam
1419 694 1581 733 Leonis
1613 693 1811 733 oratione

1008 752 1048 792 se
1095 753 1150 792 ab
1193 752 1389 792 instituto
1430 757 1684 791 reuocatum
1728 750 1810 790 esse

1008 810 1304 850 incusantibus
1342 809 1493 849 amicis
1528 808 1708 849 testatus
1740 808 1810 857 est,

1008 881 1141 921 quam
1179 868 1364 908 duorum
1402 867 1592 907 virorum
1626 864 1811 906 austori-

1007 931 1111 975 tate,
1129 926 1202 978 qui
1226 925 1434 978 loquente
1458 925 1619 972 Leone,
1642 924 1715 964 fibi
1738 924 1810 964 vifi

1008 983 1152 1031 essent,
1175 981 1329 1023 stristis
1360 982 1520 1036 gladijs
1551 996 1702 1022 necem
1736 981 1809 1021 nisi

1007 1041 1211 1094 paruisset
1233 1041 1514 1081 intentantes.
1579 1040 1639 1080 Hi
1662 1045 1810 1079 autem

1011 1099 1163 1139 Petrus
1205 1104 1248 1139 et
1283 1098 1442 1138 Paulus
1475 1097 1658 1150 apostoli
1691 1097 1811 1137 fuisse

1007 1158 1159 1197 crediti
1192 1156 1298 1196 sunt.
1362 1156 1431 1196 Ita
1463 1154 1628 1196 fastum
1661 1155 1731 1202 est,
1764 1160 1811 1196 vt

1008 1214 1155 1255 Attila
1184 1215 1227 1254 in
1259 1214 1531 1254 Pannoniam
1565 1213 1809 1254 exercitum

1009 1273 1245 1321 reduceret,
1311 1272 1403 1311 Leo
1467 1272 1658 1311 Romam
1710 1284 1810 1310 cum

1010 1344 1174 1383 magno
1225 1328 1451 1382 triumpho
1493 1329 1661 1369 rediret.
1722 1328 1811 1368 Vbi

1008 1394 1127 1428 totus
1180 1388 1235 1428 ad
1283 1386 1642 1435 confirmandam,
1687 1392 1811 1426 tuen-

1009 1446 1202 1498 damque
1243 1444 1507 1485 catholicam
1543 1444 1675 1484 fidem
1708 1457 1810 1483 con-

1009 1504 1217 1543 uertitur:
1270 1517 1368 1556 quae
1409 1508 1503 1542 tum
1546 1502 1810 1555 potissimum

1009 1560 1034 1601 a
1050 1560 1198 1601 multis
1220 1560 1434 1601 haereticis
1458 1559 1811 1612 impugnabatur,

1010 1619 1229 1672 praecipue
1252 1617 1277 1658 a
1307 1617 1586 1665 Nestorianis,
1611 1623 1654 1657 et
1688 1617 1811 1657 Euti-

1010 1677 1187 1725 chianis,
1213 1676 1287 1729 qui
1316 1676 1355 1715 in
1386 1674 1586 1715 concilio5
1612 1674 1811 1715 calcedo-

1010 1734 1126 1774 nensl
1183 1740 1287 1774 tunc
1338 1733 1559 1773 celebrato
1611 1732 1810 1772 damnati

1010 1792 1117 1832 sunt.
1202 1791 1290 1832 Vbi
1357 1797 1400 1831 et
1462 1790 1811 1831 Manichaeorum

1011 1850 1107 1890 libri
1159 1850 1333 1889 fuerunt
1385 1847 1552 1888 incensi.
1628 1848 1810 1888 Interim

1009 1921 1112 1948 vero
1141 1921 1240 1947 cum
1264 1906 1456 1947 Vandali
1488 1906 1679 1946 Romam
1712 1906 1812 1945 diri-

1011 1965 1209 2019 puissent,
1243 1978 1293 2005 ac
1335 1964 1502 2016 templa
1543 1963 1811 2017 spoliassent:

1010 2023 1127 2064 vrbis
1164 2037 1214 2063 ac
1248 2022 1515 2075 templorum
1549 2021 1812 2074 reparationi

1012 2082 1170 2121 mirum
1193 2081 1236 2120 in
1260 2080 1442 2120 modum
1473 2080 1678 2127 intentus,
1703 2078 1811 2118 mul-

1010 2139 1065 2179 tis
1094 2137 1508 2191 praeclarissimisque
1531 2137 1659 2176 rebus
1681 2136 1811 2189 gestis

1012 2197 1205 2243 moritur,
1239 2202 1283 2236 et
1315 2196 1357 2235 in
1392 2195 1506 2234 Petri
1548 2193 1721 2234 basilica
1753 2193 1812 2234 se-

1013 2254 1172 2307 pelitur
1222 2252 1290 2305 .iij.
1342 2252 1439 2292 idus
1491 2251 1670 2304 Aprilis.
1712 2264 1812 2291 cum

1014 2311 1182 2351 sedisset
1204 2324 1342 2351 annos
1364 2323 1499 2350 vnum
1522 2315 1565 2349 et
1590 2323 1668 2350 xx.
1692 2322 1811 2349 men-

1013 2368 1101 2409 sem
1123 2382 1269 2409 vnum.
1292 2368 1385 2408 dies
1409 2366 1512 2419 xiij.

1036 2481 1081 2526 {I
1114 2478 1305 2532 Iustinus
1314 2476 1584 2530 philosophus
1605 2483 1782 2530 martyr.

1247 2535 1391 2575 Ledz'o
1414 2533 1572 2575 tertia?

1023 2609 1242 2691 IVstinus
1262 2609 1450 2662 Neapoli
1467 2615 1595 2649 natus
1613 2609 1656 2649 in
1674 2608 1812 2648 Pales-

1096 2668 1188 2708 tina
1217 2666 1499 2720 philosophus
1523 2666 1604 2707 suit
1626 2666 1813 2719 platoni-

1012 2739 1098 2766 cus.
1148 2724 1235 2778 Qui
1252 2723 1393 2765 fafftus
1411 2724 1665 2765 christianus
1683 2724 1815 2777 pluri-

1084 2874 1096 2894 ⁴
1124 2874 1265 2918 parenti
1291 2886 1296 2907 :
1319 2875 1356 2907 l.

1084 2920 1097 2941 ⁵
1123 2921 1271 2954 confilio
1296 2933 1302 2954 :
1324 2922 1360 2954 P.

1084 2969 1097 2987 ⁰
1123 2968 1182 3002 die
1205 2977 1254 3012 13.
1274 2969 1314 3001 in
1332 2979 1377 3001 m.
