1981 3248
859 147 1061 180 PRECES.
1741 151 1792 192 45

126 217 285 260 funffls
307 221 502 274 requiem
525 227 735 262 aeternam
759 222 924 262 donare

126 277 318 330 digneris
343 292 351 320 :
375 285 418 319 te
440 292 646 332 rogamus
669 280 771 319 audi
794 293 884 320 nos.

184 335 245 375 Vt
272 349 352 376 nos
379 338 591 377 exaudire
622 337 816 389 digneris
844 353 852 378 :
880 343 924 378 te

125 405 333 445 rogamus
355 395 457 434 audi
481 408 569 435 nos

184 450 265 490 Fili
284 452 354 491 dei
376 464 384 491 ε
407 458 450 491 te
469 466 675 504 rogamus
693 451 796 492 audi
815 466 907 492 nos.

182 506 344 560 Agnus
373 510 456 558 dei,
488 510 563 562 qui
593 510 710 550 tollis
741 516 924 562 peccata

125 566 278 606 mundi
303 580 312 606 :
333 580 463 619 parce
485 568 611 607 nobis
634 568 824 608 domine.

180 622 341 676 Agnus
374 625 457 674 dei,
490 625 563 677 qui
596 625 714 665 tollis
743 631 925 678 peccata

124 681 276 721 mundi
300 697 308 721 :
330 683 492 723 exaudi
515 696 595 722 nos
617 683 808 724 domine.

179 737 340 791 Agnus
373 740 455 788 dei,
486 740 561 792 qui
592 740 711 780 tollis
742 745 924 794 peccata

123 797 276 836 mundi
297 810 306 837 :
328 797 527 838 miserere
548 797 686 838 nobis.

180 853 348 895 Christe
373 856 475 895 audi
502 869 591 896 nos.
657 855 824 896 Christe
845 869 924 896 ex-

120 911 224 951 audi
246 925 337 952 nos.
381 913 521 965 Kyrie
543 913 712 953 eleison.
756 913 923 955 Christe

122 968 296 1011 eleison.
359 969 500 1023 Kyrie
553 971 724 1012 eleison.
793 971 923 1011 Pater

121 1026 274 1068 noster.
343 1026 425 1069 ¹Et
467 1041 521 1069 ne
563 1042 653 1070 nos,
725 1029 780 1069 R.
832 1029 920 1070 Sed

119 1083 256 1125 libera
277 1098 369 1127 nos,

402 1177 609 1230 Pstzlmns
615 1176 638 1219 ².

213 1250 305 1290 Eus
327 1250 370 1290 in
393 1251 658 1292 adiutorium
686 1264 833 1292 meum
857 1253 921 1292 in-

242 1309 376 1348 tende
396 1323 404 1349 :
427 1309 606 1349 domine
627 1310 682 1350 ad
707 1311 920 1351 adiuuan-

120 1364 226 1405 dum
249 1379 330 1415 me,
353 1366 514 1407 festina.

178 1423 528 1472 Confundantur‚
551 1430 595 1465 et
622 1431 916 1475 reuereantur,

118 1481 193 1533 qui
216 1487 420 1533 quaerunt
441 1483 635 1522 animam
659 1496 816 1523 meam.

175 1538 451 1579 Auertantur
483 1540 714 1580 retrorsum
747 1547 791 1580 et
822 1554 917 1581 eru-

117 1595 294 1637 bescant
315 1597 390 1649 qui
412 1596 566 1637 volunt
589 1598 694 1637 mihi
718 1597 845 1639 mala.

175 1653 453 1694 Auertantur
487 1654 631 1695 statim
664 1656 917 1697 erubescen-

117 1716 183 1751 tes
207 1726 215 1751 :
239 1712 313 1765 qui
337 1712 490 1752 dicunt
513 1712 630 1761 mihi,
650 1713 776 1766 Euge
793 1727 914 1766 euge.

175 1768 406 1818 Exultent,
421 1776 464 1810 et
482 1769 688 1810 laetentur
702 1771 746 1810 in
764 1777 807 1811 te
822 1785 915 1812 om-

116 1840 204 1874 nes,
237 1827 311 1879 qui
344 1834 547 1880 quaerunt
578 1834 621 1868 te
651 1843 658 1868 :
690 1835 734 1869 et
766 1829 917 1870 dicant

116 1885 294 1937 semper,
342 1885 653 1938 Magnificetur
697 1887 915 1937 dominus,

115 1943 190 1996 qui
212 1943 403 1996 diligunt
425 1943 610 1983 salutare
632 1950 769 1985 tuum.

173 2001 272 2053 Ego
308 2014 411 2041 vero
450 2014 627 2054 egenus,
667 2007 712 2043 et
745 2015 914 2056 pauper

114 2057 206 2098 sum
232 2071 241 2098 z
263 2057 370 2098 deus
392 2058 554 2099 adiuua
576 2072 656 2100 me.

171 2115 366 2156 Adiutor
420 2129 555 2164 meus,
613 2122 657 2157 et
706 2116 915 2158 liberator

114 2186 238 2214 meus
260 2187 305 2213 es
328 2179 374 2214 tu
397 2189 405 2214 :
426 2174 605 2214 domine
627 2187 681 2214 ne
704 2176 893 2215 moreris.

182 2230 229 2272 V.
291 2230 449 2272 Saluos
498 2231 565 2271 sac
612 2231 754 2272 seruos
802 2239 913 2274 tuos.

112 2288 167 2330 R.
225 2288 347 2328 Deus
382 2302 505 2328 meus
538 2289 759 2341 sperantes
785 2290 827 2329 in
857 2296 912 2332 te.

124 2346 169 2387 V.
208 2346 312 2386 Esto
335 2346 462 2386 nobis
485 2346 661 2386 domine
678 2348 807 2387 turris
829 2348 913 2387 sor-

112 2404 324 2445 titudinis.
396 2403 450 2444 R.
493 2403 538 2443 A
585 2404 696 2444 facie
736 2405 913 2446 inimici.

125 2461 170 2503 V.
220 2461 340 2501 Nihil
382 2460 582 2513 proficiat
624 2462 826 2502 inimicus
869 2464 910 2503 in

113 2519 248 2560 nobis.
317 2519 370 2558 R.
414 2518 474 2558 Et
515 2519 627 2559 filius
668 2519 912 2572 iniquitatis

113 2590 200 2617 non
238 2582 433 2629 apponat
467 2590 623 2616 nocere
660 2577 798 2617 nobis.
866 2578 910 2618 V.

113 2635 305 2674 Domine
339 2647 426 2673 non
464 2634 698 2674 secundum
731 2642 913 2687 peccata

112 2691 254 2731 nostra
288 2691 421 2730 facias
459 2692 594 2732 nobis.
654 2691 709 2732 R.
754 2693 912 2745 Neque

112 2749 347 2789 secundum
371 2749 625 2801 iniquitates
655 2749 819 2790 nostras
847 2764 910 2791 re-

110 2807 276 2846 tribuas
308 2806 443 2846 nobis,
520 2806 564 2847 V.
598 2807 787 2848 Oremus
829 2822 907 2861 pro

182 2897 193 2918 1
229 2897 278 2931 V:
305 2896 387 2931 add.
410 2898 446 2931 P.
467 2897 509 2930 A.

182 2945 194 2965 ²
220 2943 409 2988 [Psalmzcs
426 2943 498 2987 69]

993 224 1204 276 pontifice
1250 225 1405 267 nostro.
1473 226 1527 268 R.
1577 227 1796 268 Dominus

994 282 1220 323 conseruet
1251 297 1365 332 eum,
1391 290 1434 324 et
1462 284 1655 325 viuificet
1684 299 1796 334 eum,

994 345 1038 379 et
1064 340 1244 380 beatum
1273 340 1405 381 saciat
1436 355 1537 381 eum
1570 343 1612 381 in
1643 348 1757 383 terra
1789 359 1796 383 :

994 403 1037 436 et
1075 410 1163 437 non
1200 399 1347 438 tradat
1384 412 1483 439 eum
1522 400 1564 439 in
1602 401 1794 441 animam

995 454 1271 495 inimicorum
1314 456 1417 495 eius.
1496 456 1540 497 V.
1604 457 1793 498 Oremus

994 514 1073 564 pro
1114 511 1467 553 benefactoribus
1509 514 1673 555 nostris.
1739 516 1795 557 R.

996 569 1256 610 Retribuere
1271 571 1452 623 dignare
1463 572 1641 612 domine
1656 574 1796 613 omni-

994 626 1075 667 bus
1102 628 1228 668 nobis
1251 629 1368 668 bona
1391 628 1650 670 facientibus
1665 644 1794 683 prop-

993 690 1061 724 ter
1087 698 1248 725 nomen
1271 692 1394 726 tuum
1418 687 1553 726 vitam
1583 693 1794 728 aeternam

993 755 1135 783 amen.
1199 743 1242 785 V.
1279 743 1468 784 Oremus
1491 758 1570 797 pro
1593 745 1795 786 fidelibus

993 798 1221 841 defunfflis.
1254 801 1308 842 R.
1343 802 1559 854 Requiem
1582 809 1793 843 aeternam

993 858 1111 904 dona
1129 858 1190 898 eis
1204 858 1384 900 domine
1401 873 1408 900 :
1425 865 1468 900 et
1485 859 1564 900 lux
1582 867 1794 913 perpetua

992 914 1136 956 luceat
1177 916 1249 956 eis.
1329 916 1374 958 V.
1418 917 1712 970 Requiescant
1749 919 1791 959 in

994 985 1111 1025 pace.
1172 973 1228 1014 R.
1271 973 1431 1015 Amen.
1505 975 1550 1016 V.
1594 976 1676 1016 Pro
1708 976 1792 1016 sra-

992 1030 1131 1070 tribus
1148 1031 1302 1072 nostris
1316 1032 1577 1073 absentibus.
1609 1034 1663 1074 R.
1698 1034 1793 1075 Sal-

993 1102 1072 1128 uos
1108 1088 1176 1129 sac
1215 1089 1359 1130 seruos
1396 1096 1495 1130 tuos
1530 1091 1637 1131 deus
1671 1105 1794 1132 meus

992 1146 1213 1198 sperantes
1250 1147 1293 1187 in
1336 1153 1389 1188 te.
1463 1148 1508 1189 V.
1557 1149 1689 1189 Mitte
1730 1150 1791 1190 eis

991 1204 1171 1244 domine
1192 1205 1409 1245 auxilium
1435 1206 1490 1246 de
1516 1205 1675 1247 saneto.
1737 1207 1792 1249 R.

993 1261 1052 1302 Et
1069 1262 1124 1302 de
1139 1261 1226 1302 slon
1246 1268 1368 1303 tuere
1385 1277 1470 1304 eos,
1522 1263 1566 1305 V.
1598 1264 1792 1305 Domine

990 1319 1154 1360 exaudi
1177 1321 1420 1361 orationem
1444 1335 1599 1362 meam.
1644 1323 1698 1364 R.
1732 1323 1792 1363 Et

989 1376 1156 1417 clamor
1177 1391 1300 1418 meus
1323 1378 1379 1418 ad
1401 1385 1446 1419 te
1467 1380 1623 1421 veniat.
1683 1380 1792 1421 Ore-

989 1433 1120 1477 mus³.

1308 1528 1472 1570 Orellio.

932 1615 935 1618 ⁴
995 1612 1185 1694 DEus,
1200 1614 1267 1654 cui
1282 1614 1508 1667 proprium
1526 1614 1587 1654 est
1602 1614 1788 1654 misereri

1123 1670 1302 1723 semper,
1332 1678 1375 1712 et
1407 1685 1596 1724 parcere,
1628 1672 1789 1726 suscipe

986 1727 1343 1780 deprecationem
1372 1729 1562 1769 nostram
1590 1736 1664 1770 :et
1696 1744 1788 1777 nos,

986 1792 1029 1825 et
1052 1800 1205 1826 omnes
1231 1786 1419 1826 famulos
1445 1793 1558 1835 tuos,
1579 1801 1690 1840 quos
1713 1789 1787 1828 de-

986 1841 1188 1883 li&orum
1211 1852 1368 1884 catena
1389 1844 1670 1898 constringit:
1693 1846 1789 1885 mis-

985 1901 1123 1942 eratio
1144 1907 1232 1942 tuae
1253 1902 1431 1955 pietatis
1453 1902 1681 1944 absoluat4.

1305 2014 1468 2056 Oratio.

990 2098 1221 2180 EXaudi
1236 2099 1484 2152 quaesumus
1498 2101 1677 2141 domine
1693 2101 1787 2155 sup-

1100 2156 1264 2209 plicum
1294 2171 1443 2210 preces
1472 2171 1481 2198 :
1507 2165 1551 2199 et
1576 2159 1786 2199 confiten-

983 2213 1092 2252 tium
1112 2214 1190 2253 tibi
1214 2228 1343 2267 parce
1361 2216 1552 2267 peccatis
1574 2231 1581 2256 :
1605 2223 1652 2256 vt
1674 2218 1786 2269 pari-

983 2276 1052 2310 ter
1086 2272 1213 2312 nobis
1250 2273 1574 2325 indulgentiam
1617 2275 1786 2315 tribuas

983 2327 1212 2382 benignus,
1234 2334 1278 2370 et
1299 2343 1468 2382 pacem.

1241 2437 1280 2476 Α
1290 2437 1352 2477 lia
1373 2437 1521 2478 oratio.

1037 2520 1301 2561 Nefsabilem
1336 2521 1463 2561 nobis
1496 2521 1676 2562 domine
1705 2523 1784 2562 mi-

1069 2578 1342 2618 sericordiam
1380 2584 1503 2619 tuam
1545 2580 1784 2620 clementer

981 2636 1191 2676 ostende:
1222 2643 1269 2676 vt
1295 2637 1417 2676 fimul
1449 2651 1528 2676 nos
1558 2644 1601 2678 et
1630 2636 1655 2677 a
1684 2652 1783 2690 pcc-

982 2694 1090 2733 catis
1119 2694 1324 2734 omnibus
1356 2707 1494 2734 exuas
1520 2710 1527 2734 :
1557 2701 1600 2735 et
1631 2694 1657 2735 a
1689 2709 1782 2747 poc-

983 2752 1061 2800 nis,
1082 2764 1191 2804 quas
1217 2765 1298 2805 pro
1325 2751 1392 2792 his
1420 2765 1638 2792 incremur
1666 2766 1674 2793 :
1702 2755 1783 2792 cri—

982 2822 1088 2862 pias.

1053 2899 1067 2920 ³
1093 2899 1192 2933 omit.
1216 2900 1252 2933 P.

1055 2945 1067 2966 '²
1093 2946 1257 2981 obsoluat
1284 2959 1289 2981 :
1320 2948 1355 2981 1⁷.
1370 2949 1441 2992 fier
1457 2958 1626 2982 errorem.
