1916 3243
953 145 1055 170 XXX

237 253 561 307 quinquaginta
603 254 713 294 duas
755 254 1004 295 dominicas
1041 254 1084 294 in
1127 254 1246 295 hunc
1288 255 1471 295 modum
1514 254 1777 296 distributas.

236 324 453 365 videlicet.
486 330 696 377 quattuor
727 325 782 364 de
815 325 1024 375 aduentu,
1057 324 1170 364 inter
1201 338 1310 377 quas
1344 330 1387 364 et
1420 324 1781 378 septuagesimam

239 393 472 433 necessario
495 393 700 433 adminus
724 393 926 434 incidunt
946 400 1047 441 tres,
1071 407 1171 446 quae
1195 393 1476 446 appellantur
1498 393 1594 446 post
1616 393 1782 433 aduen-

238 465 345 500 tum.
420 461 536 502 Sunt
577 462 711 501 etiam
755 461 852 500 aliae
895 467 983 500 tres
1033 460 1373 513 septuagesimae,
1416 461 1698 513 sexagesimae
1740 466 1784 499 et

239 529 624 583 quinquagesimae,
666 543 840 570 necnon
890 536 1101 582 quattuor
1149 529 1497 582 quadragesimae
1543 543 1644 569 cum
1687 528 1784 580 alijs

239 600 412 640 duabus
445 600 500 639 de
523 600 726 652 passione,
751 606 795 639 et
818 599 1078 652 palmarum.
1143 599 1318 639 Deinde
1341 598 1499 652 pascha
1522 605 1566 639 et
1589 599 1686 639 aliae
1709 598 1784 637 sex

241 669 336 722 post
368 669 536 722 pascha.
602 670 815 709 Proximo
858 669 955 709 loco
988 669 1274 722 pentecostes,
1308 669 1421 709 inter
1452 683 1586 722 quam
1619 674 1663 708 et
1700 669 1784 721 pri-

242 752 360 779 mam
393 740 611 779 aduentus
645 738 877 778 necessario
910 738 966 778 ad
1000 739 1145 778 minus
1180 738 1480 778 interueniunt
1509 737 1664 791 viginti
1697 743 1785 778 tres

241 807 487 855 dominicae,
509 821 608 859 quae
631 805 934 860 appellanturl
958 806 1054 860 post
1076 806 1370 860 pentecosten.
1436 806 1550 847 Sunt
1572 811 1786 859 praeterea

241 876 436 928 quinque
460 875 557 915 aliae
590 890 700 928 quas
734 876 895 916 idcirco
918 876 1148 928 Vagantes
1171 875 1308 916 visum
1332 875 1391 916 est
1416 874 1657 928 appellare,
1682 875 1784 927 quia

241 951 422 998 propter
452 945 711 985 varietatem
741 944 1067 997 septuagesimae
1099 958 1186 984 non
1210 944 1379 997 semper
1400 944 1567 984 habent
1596 945 1784 984 eandem

241 1014 396 1053 sedem.
433 1013 502 1054 sed
541 1013 802 1066 quibusdam
840 1014 968 1053 annis
1004 1015 1203 1054 incidunt
1241 1028 1396 1054 omnes
1433 1014 1628 1066 quinque
1663 1013 1785 1053 simul

241 1081 355 1121 inter
395 1083 571 1121 tertiam
610 1081 704 1134 post
747 1082 988 1122 aduentum
1030 1088 1073 1122 et
1116 1082 1490 1135 septuagesimam,
1524 1081 1784 1134 quibusdam

239 1164 355 1197 vero,
400 1150 512 1189 inter
552 1150 805 1202 vigesimam
849 1150 1025 1190 tertiam
1069 1151 1162 1203 post
1195 1151 1479 1204 pentecosten
1521 1157 1565 1190 et
1597 1151 1785 1203 primam

241 1220 470 1259 aduentus.
523 1219 638 1271 Aiijs
662 1226 812 1259 autem
836 1220 962 1260 annis
987 1219 1122 1272 (quod
1145 1219 1417 1272 frequentius
1435 1219 1672 1272 contingit>
1698 1233 1785 1259 non

241 1301 395 1328 omnes
431 1289 626 1342 quinque
660 1289 796 1337 simul,
837 1290 908 1329 sed
944 1295 1119 1329 tantum
1164 1304 1264 1342 pars
1307 1303 1458 1328 earum
1494 1288 1646 1328 incidit
1683 1294 1786 1328 ante

242 1358 616 1411 septuagesimam,
655 1366 697 1399 et
732 1359 901 1412 reliqua
942 1373 1042 1412 pars
1081 1359 1231 1412 postea
1268 1365 1371 1398 ante
1414 1359 1670 1398 aduentum.
1734 1357 1784 1396 In

241 1427 456 1467 breuiario
488 1435 636 1468 autem
671 1427 812 1468 officia
845 1442 995 1467 earum
1030 1427 1174 1467 locata
1207 1427 1304 1466 sunt
1336 1427 1450 1467 inter
1483 1426 1659 1466 tertiam
1693 1425 1787 1478 post

242 1497 498 1545 aduentum,
539 1503 582 1537 et
625 1493 1000 1550 septuagesimam,
1036 1495 1336 1536 distribuenda
1373 1494 1548 1547 singulis
1584 1494 1709 1533 arinis
1740 1499 1787 1533 vt

242 1564 483 1614 inciderint,
516 1566 634 1618 quod
669 1565 1047 1618 quemadmodum
1082 1565 1173 1604 fieri
1207 1564 1380 1611 debeat,
1413 1564 1455 1603 in
1489 1563 1695 1616 proxima
1727 1561 1786 1602 se-

241 1634 392 1686 quenti
426 1634 576 1687 regula
608 1635 787 1675 dicetur.
854 1633 928 1673 Est
961 1639 1110 1673 autem
1145 1633 1469 1673 aduertendum
1503 1631 1621 1684 quod
1656 1632 1787 1671 inter-

241 1704 347 1742 dum
383 1703 478 1743 sunt
512 1703 929 1756 quinquagintatres
962 1703 1198 1743 dominicae
1231 1703 1349 1755 quod
1393 1708 1544 1742 tamen
1580 1715 1667 1741 non
1706 1701 1786 1741 fre-

241 1773 447 1826 quentius
474 1787 607 1825 quam
638 1773 762 1813 sexto
794 1787 970 1826 quoque
1000 1786 1117 1812 anno
1150 1773 1406 1825 contingere
1438 1771 1580 1825 potest
1609 1778 1652 1812 et
1681 1777 1787 1811 tunc

242 1842 432 1881 officium
457 1843 583 1882 vnius
606 1843 829 1895 repetitur,
853 1849 899 1882 vt
923 1843 963 1881 in
990 1842 1184 1894 sequenti
1209 1840 1369 1893 regula.

399 1987 442 2031 ffi
472 1983 686 2033 Quomodo
707 1982 1014 2038 distribuenda?
1024 1984 1134 2036 sunt
1147 1983 1159 2003 ³
1182 1983 1404 2024 dominicoe
1424 1990 1638 2037 rogantes.

332 2100 375 2145 Ἤ
418 2098 574 2137 Finitis
609 2099 748 2138 tribus
783 2098 1017 2137 dominicis
1055 2097 1149 2150 post
1187 2098 1429 2137 aduentum
1465 2110 1566 2136 cum
1598 2097 1785 2137 totidem

244 2167 536 2206 hebdomadis
570 2166 596 2205 si
630 2167 853 2206 dominica
886 2166 1030 2206 statim
1065 2165 1247 2218 sequens
1289 2165 1419 2205 suerit
1461 2165 1788 2219 septuagesima,

244 2236 506 2275 omittentur
542 2241 645 2274 tunc
678 2249 831 2275 omnes
864 2235 1058 2288 quinque
1090 2241 1303 2287 vagantes
1337 2234 1606 2274 resumendae
1639 2234 1787 2287 postea

246 2305 358 2344 inter
380 2304 632 2356 vigesimam
656 2305 832 2344 tertiam
855 2304 950 2357 post
973 2304 1254 2357 pentecosten
1278 2310 1320 2344 et
1343 2304 1530 2357 primam
1559 2304 1788 2345 aduentus.

248 2372 295 2413 Si
336 2387 439 2412 vero
483 2387 570 2412 non
608 2372 753 2413 statim
789 2380 989 2413 occurrat
1031 2372 1360 2425 septuagesima,
1400 2372 1561 2424 legitur
1601 2373 1656 2412 de
1690 2372 1788 2425 ipsis

246 2440 510 2493 vagantibus
540 2441 764 2494 quousque
788 2441 877 2494 ipsa
900 2447 1110 2487 occurrat,
1135 2455 1187 2481 ea
1209 2448 1357 2481 autem
1381 2446 1636 2480 occurrente
1658 2441 1788 2480 cessa-

246 2509 355 2548 bunt
398 2515 518 2559 tunc,
551 2523 651 2562 quae
694 2510 983 2562 superfuerint
1024 2516 1252 2562 vagantes,
1295 2515 1339 2549 et
1380 2509 1652 2549 resumentur
1693 2509 1788 2562 post

245 2577 497 2629 vigesimam
522 2579 697 2618 tertiam
722 2578 816 2631 post
844 2578 1139 2631 pentecosten.
1203 2577 1266 2617 At
1291 2592 1345 2617 ne
1368 2578 1561 2617 incertus
1585 2577 1681 2630 quis
1706 2578 1788 2617 esse

248 2646 372 2698 possit
395 2645 419 2686 a
443 2660 528 2698 qua
551 2644 767 2686 dictarum
791 2648 1049 2699 vagantium
1074 2653 1179 2686 tunc
1202 2647 1364 2687 debeat
1387 2647 1588 2699 incipere,
1611 2646 1788 2695 oblitus,

246 2715 462 2764 videlicet,
505 2716 547 2755 in
591 2730 677 2768 qua
719 2717 888 2756 desierit
931 2723 1033 2756 ante
1080 2715 1454 2768 septuagesimam,
1498 2718 1700 2755 aduertat
1744 2717 1786 2755 in

247 2784 397 2824 tabula
420 2783 514 2836 post
536 2783 836 2824 calendarium
860 2785 1009 2837 posita,
1035 2792 1143 2836 quot
1167 2785 1399 2824 dominicae
1418 2791 1632 2836 vagantes
1656 2784 1787 2823 inter-

296 2907 307 2927 1
335 2907 565 2950 appellentur
597 2919 602 2941 :
632 2909 669 2941 P.
1094 2909 1204 2954 3stnl
1227 2922 1232 2943 ;
1254 2910 1296 2943 R.
1320 2909 1357 2942 P.

295 2953 307 2974 2
333 2954 587 2997 dist'rilmendre
612 2966 617 2988 :
640 2956 681 2988 R.
704 2956 741 2989 P.
764 2956 806 2990 A.
