1981 3248
648 145 901 178 COMMVNE
932 142 1161 174 SANCTOR
1171 142 1250 172 VM.

1708 129 1781 179 185

171 224 223 263 In
257 223 324 263 his
355 229 540 276 paterna
571 221 721 274 gloria,
757 221 807 261 In
841 219 908 260 his
979 222 1188 257 canentes
1219 216 1422 270 martyris
1446 216 1643 257 Absolue
1666 230 1783 257 nexu

110 281 315 322 voluntas
340 280 540 333 Spiritus,
564 279 753 319 Exultat
776 279 819 318 in
841 277 908 317 his

112 338 237 386 filius,
263 337 437 378 Coelum
465 337 656 390 repletur
677 336 851 389 gaudio.

169 397 235 436 Te
249 409 364 435 nunc
384 396 637 447 redemptor
651 393 911 447 quaesumuS.

112 454 175 494 Vt
228 453 418 506 ipsorum
471 452 687 492 consortio
747 451 912 503 Iungas

113 516 341 563 precantes
365 509 556 550 seruulos
580 509 632 549 In
652 509 914 561 sempiterna

114 568 265 609 secula.
328 567 488 608 Arnen.

114 680 157 724 (1
196 676 425 718 Commune
441 675 570 715 vuius
585 673 801 725 martym's.
840 673 879 712 A
888 672 921 712 cl

210 734 477 774 matutinum
499 731 819 773 iuuituz‘om‘um.

174 808 345 861 Regem
390 813 634 860 martyrum
686 806 917 846 dominum

114 866 260 906 venite
282 866 530 905 adoremus.

412 955 628 1006 Hymnus.

129 1028 221 1110 M
234 1028 375 1082 Artyr
391 1029 473 1077 dei,
489 1028 562 1081 qui
580 1028 757 1068 vnicum
778 1027 919 1068 Patris

264 1086 484 1139 sequendo
511 1085 650 1125 filium
673 1084 815 1126 Vietis
847 1086 921 1125 tri-

121 1144 309 1197 umphas
350 1144 557 1193 hostibus,
587 1141 743 1185 VicPcor
774 1143 920 1183 fruens

123 1202 382 1242 coelestibus,

183 1260 267 1300 Tui
291 1265 493 1313 precatus
517 1272 695 1299 munere
713 1258 920 1298 Nostrum

121 1324 290 1358 reatum
323 1317 454 1365 dilue,
480 1317 650 1356 Arcens
683 1315 786 1356 mali
819 1330 921 1356 con—

122 1376 304 1428 tagium,
326 1375 444 1415 Vitae
467 1388 698 1414 remouens
721 1374 901 1414 tedium.

183 1432 339 1474 Soluta
376 1432 472 1472 sunt
515 1432 601 1472 iam
644 1431 817 1471 vincula
858 1431 921 1470 tui

124 1491 275 1531 sacrati
353 1490 559 1542 corporis,
631 1490 725 1529 Nos
806 1489 922 1529 solue

122 1548 273 1589 vinclis
297 1547 425 1588 seculi
449 1547 618 1587 Amore
642 1546 716 1599 filij
742 1546 825 1587 dei.

182 1606 279 1646 Deo
302 1605 415 1659 patri
437 1605 486 1645 fit
508 1603 678 1657 gloria¹.

445 1695 607 1737 Oratio.

131 1770 355 1853 PRaesta
376 1769 624 1823 quaesumus
642 1769 923 1822 omnipotens

236 1829 357 1877 deus,
384 1834 431 1868 vt
463 1828 761 1868 intercedente
793 1827 924 1867 beato

126 1886 196 1927 .N.
229 1892 421 1938 martyre
453 1892 530 1925 tuo
573 1884 599 1925 a
640 1883 807 1925 cunetis
849 1885 925 1925 ad-

126 1944 398 1984 uerfitatibus
423 1943 656 1983 liberemur
673 1943 715 1982 in
731 1957 925 1995 corpore,

127 2008 170 2042 et
202 2015 227 2041 a
258 2001 405 2054 prauis
435 2001 777 2054 cogitationibus
801 2014 927 2041 mun-

126 2060 282 2099 demur
303 2060 345 2099 in
371 2065 527 2099 mente.
551 2072 637 2111 per.

144 2168 187 2213 (I
225 2165 282 2206 δι’
290 2164 437 2218 fuerit
455 2170 636 2217 martyr,
658 2170 699 2204 et
708 2163 916 2217 p07ztffex.

451 2255 612 2296 Oratio.

140 2328 485 2411 INfirmitatem
533 2327 722 2368 nostram
770 2326 931 2379 respice

214 2387 495 2439 omnipotens
551 2386 670 2432 deus,
724 2393 767 2426 et
828 2385 931 2437 quia

133 2445 307 2497 pondus
330 2444 517 2496 propriae
545 2442 730 2483 emtionis
762 2448 932 2495 gmuat,

133 2502 251 2542 beati
304 2502 370 2542 .N.
422 2501 625 2553 martyris
677 2500 753 2549 tui,
799 2506 932 2552 atque

134 2559 353 2613 pontificis
384 2559 621 2598 intercesslo
643 2557 828 2611 gloriosa
852 2571 932 2597 nos

135 2623 340 2670 protegat
363 2630 370 2657 :
393 2630 479 2669 per.

264 2706 344 2746 Ad
371 2706 561 2758 veſjfieras
593 2705 806 2758 Hymnus.

229 2781 320 2821 Eus
343 2787 519 2821 tuorum
543 2780 731 2820 militurn
758 2779 873 2827 Sors,
892 2785 934 2819 et

261 2838 435 2879 Corona
472 2852 478 2878 :
507 2838 723 2891 premium
759 2837 935 2877 Laudes

981 274 1188 315 criminis.

1042 332 1129 371 Hic
1159 345 1320 384 nempe
1349 331 1503 372 mundi
1526 331 1702 384 gaudia,
1726 331 1786 371 Et

982 389 1288 430 blandimenta
1320 389 1468 437 noxia,
1492 389 1673 430 Caduca
1704 389 1786 429 rite

984 448 1215 501 deputans,
1241 447 1446 486 Peruenit
1468 446 1524 486 ad
1548 446 1749 486 coelestia.

1046 505 1205 544 Poenas
1257 504 1446 544 cucurrit
1496 504 1675 552 fortiter,
1728 504 1787 543 Et

986 561 1152 602 sustulit
1192 562 1384 611 viriliter,
1427 562 1510 601 Pro
1555 567 1599 601 te
1650 560 1786 601 effun-

985 620 1095 660 dens
1130 619 1386 672 sanguinem
1429 619 1628 659 Aeterna
1669 620 1787 659 dona

987 678 1180 731 posfidet.

1048 735 1120 776 Ob
1164 734 1249 774 hoc
1290 739 1470 786 precatu
1508 733 1689 787 supplici
1724 734 1790 774 Te

989 792 1206 845 poscimus
1247 792 1429 845 pijsfime
1479 792 1530 832 In
1582 791 1664 831 hoc
1715 791 1790 831 tri·
1832 794 1834 797 ’

990 850 1157 903 umpho
1181 851 1386 902 martyris
1411 850 1600 890 Dimitte
1622 862 1789 889 noxam

992 907 1181 948 seruulis.

1051 966 1180 1011 Laus
1206 971 1249 1004 et
1281 965 1486 1017 perennis
1519 964 1658 1017 gloria
1692 964 1790 1003 Deo

991 1024 1118 1076 patri,
1163 1029 1207 1063 et
1258 1022 1348 1062 filio
1401 1038 1408 1063 :
1461 1020 1627 1063 Saneto
1669 1021 1791 1061 simul

991 1080 1214 1134 paracleto
1253 1080 1304 1120 In
1344 1080 1607 1133 sempiterna
1639 1079 1791 1120 secula.

992 1139 1152 1179 Amen.

993 1299 1037 1343 ΕΙ
1077 1296 1305 1338 Commune
1341 1296 1636 1349 plurimorum
1679 1311 1794 1336 mar—

1049 1360 1204 1405 2‘y7fum.
1264 1353 1346 1393 Ad
1383 1354 1658 1395 matutinum.
1718 1354 1794 1394 Iu-

1263 1411 1529 1452 uitatorz‘um.

1053 1503 1222 1555 Regem
1275 1508 1519 1555 martyrum
1563 1503 1792 1544 dominum

992 1560 1139 1601 venite
1162 1560 1408 1602 adoremus,

1288 1710 1503 1762 Hymnus.

1060 1798 1227 1841 Eterna
1281 1800 1435 1841 Christi
1489 1815 1680 1850 munera,
1735 1803 1794 1843 Et

1102 1864 1345 1911 martyrum
1376 1856 1581 1898 vietorias.
1615 1858 1792 1899 Laudes

995 1922 1203 1956 canentes
1226 1915 1397 1956 debitas
1423 1916 1559 1956 Laetis
1585 1930 1794 1958 canamus

997 1974 1232 2014 mentibus.

1056 2031 1241 2071 Terrore
1261 2028 1377 2072 vic'to
1400 2030 1539 2080 seculi,
1564 2032 1794 2085 Poenisque

998 2088 1150 2141 spretis
1201 2088 1404 2141 corporis,
1457 2089 1613 2129 Mortis
1666 2090 1795 2130 sacrae

999 2146 1264 2199 compendio
1287 2146 1437 2187 Vitam
1467 2145 1643 2187 beatam
1670 2149 1795 2200 possi-

1000 2204 1118 2243 dent

1059 2260 1314 2300 Traduntur
1354 2261 1444 2313 igni
1477 2268 1701 2314 martyres,
1737 2262 1795 2302 Et

1000 2318 1233 2359 bestiarum
1252 2319 1457 2358 dentibus
1472 2318 1661 2359 Armata
1676 2320 1796 2360 saeuit

1001 2376 1176 2428 vngulis
1199 2376 1396 2415 Tortoris
1420 2376 1555 2416 insani
1578 2391 1746 2417 manus.

1060 2434 1241 2473 Nudata
1273 2434 1467 2485 pendent
1494 2433 1663 2484 viscera,
1687 2434 1795 2476 San-

1001 2491 1098 2544 guis
1131 2491 1319 2530 sacratus
1352 2490 1558 2539 funditur,
1582 2492 1669 2532 Sed
1703 2506 1796 2545 per-

1003 2555 1183 2588 manent
1214 2548 1462 2588 immobiles
1495 2549 1611 2589 Vitae
1643 2564 1795 2603 peren—

1003 2607 1068 2646 nis
1091 2606 1242 2657 gratia.

1061 2663 1125 2702 Te
1142 2677 1255 2702 nunc
1271 2664 1523 2716 redemptor
1539 2664 1796 2716 quzesumus

1003 2721 1064 2761 Vt
1101 2728 1342 2772 martyrum
1380 2721 1596 2761 consortio
1634 2722 1797 2775 Iungas

1005 2784 1232 2831 precantes
1270 2778 1458 2818 seruulos
1493 2780 1543 2818 In
1578 2779 1796 2832 sempiter-

1006 2850 1061 2876 na
1085 2835 1234 2875 secula.
1298 2835 1459 2876 Amen.

571 2943 581 2964 1
609 2943 725 2986 gloria
744 2955 748 2975 z
769 2954 834 2975 am.
860 2943 894 2976 Γ.
908 2943 951 2976 Α.
997 2948 1062 2976 etc.
1078 2955 1081 2975 3
1100 2942 1182 2975 add.
1205 2942 1246 2975 R.
1270 2942 1306 2975 Ι).
1325 2941 1365 2974 Α.
