1981 3248
233 140 314 181 160

231 230 314 270 suis
337 231 646 273 commertium
669 231 849 280 habens,
869 232 1037 274 adoles-

233 289 391 329 centiae
418 289 563 342 lapsus
596 290 924 344 lachrymarum
956 291 1036 331 im-

232 346 309 386 bre
331 346 540 388 diluebat.
604 348 664 389 Et
686 347 935 390 contractas
958 362 1037 402 per

231 405 374 444 aetatis
409 405 744 458 incogitantiam
788 407 932 447 sordes
975 407 1036 447 la-

231 462 388 503 borum
459 463 692 516 asperitate
762 465 1032 518 detergebat.

233 520 388 560 Inedia
413 521 603 574 denique
626 536 676 562 ac
703 522 875 575 vigilijs‚
898 530 941 563 et
972 524 1034 562 in-

231 578 428 618 credibili
461 579 724 628 austeritate,
746 580 1033 621 rebellantem

230 649 405 675 carnem
430 643 472 676 et
496 637 676 678 subinde
694 638 1034 691 repullulantem

230 695 376 734 aetatis
395 694 613 735 lasciuiam
638 710 853 746 coercens,
877 710 1034 749 corpus

230 751 395 804 spiritui
419 752 574 793 seruire
596 754 796 795 docebat.
852 754 1035 795 Viseba-

184 852 188 856 ,
230 815 302 849 tur
333 816 482 850 tamen
515 811 557 851 in
589 825 640 851 ea
667 811 899 852 solitudine
926 826 1033 852 non-

230 881 457 920 nunquam
493 868 548 909 ab
583 870 746 918 amicis,
782 876 826 910 et
866 870 1034 910 vicinos

228 926 470 966 monachos
512 927 601 980 ipse
641 927 864 968 inuisebat.
941 929 1031 969 He-

229 983 363 1023 braici
396 984 605 1025 sermonis
634 985 939 1026 difficultatem
969 987 1031 1026 in-

229 1041 392 1081 defesso
433 1042 582 1082 labore
625 1044 818 1095 peruicit.
895 1044 1031 1085 Cuius

232 1112 321 1139 non
352 1099 489 1140 solum
520 1100 870 1153 intelligentiam,
893 1102 964 1142 sed
988 1109 1031 1143 et

229 1157 495 1209 peculiarem
515 1158 667 1198 sonum
683 1173 732 1199 ac
747 1160 1030 1200 vernaculum

230 1215 456 1255 stridorem
473 1216 532 1256 est
547 1216 808 1269 assequutus.
860 1217 956 1257 vsus
975 1219 1030 1258 ad

230 1287 327 1313 eam
348 1287 437 1313 rem
454 1272 706 1314 doctissimis
726 1274 1032 1326 Hebraeorum,

231 1345 341 1383 quos
374 1332 541 1384 ingenti
575 1333 777 1373 mercede
814 1334 1033 1374 conduce-

229 1389 316 1437 bat,
359 1389 625 1442 marsupium
668 1390 943 1441 exhauriens,
986 1397 1033 1432 vt

228 1445 383 1499 pe6tus
435 1448 681 1488 eruditione
733 1449 1033 1502 locupletaret.

230 1505 325 1545 Nec
367 1505 433 1545 his
475 1512 710 1546 contentus
757 1507 1032 1549 chaldaicam

228 1563 335 1602 item
358 1562 555 1616 linguam
575 1564 633 1604 est
651 1565 883 1617 aggressuS,
898 1579 1031 1618 quam

227 1626 378 1661 tamen
411 1620 624 1662 imotenus
659 1623 794 1662 modo
827 1623 1033 1677 sequutus

229 1678 300 1727 est,
336 1685 382 1719 vt
425 1680 668 1732 intelligere
710 1681 848 1733 posset
890 1682 1033 1722 verius

230 1751 364 1789 quam
404 1737 567 1778 sonare.
643 1738 903 1791 Gregorium
940 1740 1033 1779 Na-

227 1795 486 1835 zianzenum
538 1802 855 1849 praeceptorem
908 1797 1030 1838 suum

227 1852 315 1905 ipse
330 1853 539 1906 appellat,
554 1860 596 1893 et
614 1854 696 1894 hoc
715 1854 1031 1907 interpretante

229 1911 269 1950 se
288 1911 426 1951 sacras
444 1912 637 1951 didicisse
654 1911 820 1952 litteras
840 1913 1029 1953 testatur.

228 1969 395 2009 Verum
436 1969 616 2009 vbinam
659 1971 847 2010 audierit
887 1970 1031 2011 homi-

229 2040 342 2075 nem,
379 2033 455 2067 aut
487 2033 658 2080 quanto
687 2033 898 2081 tempore,
940 2043 1028 2070 non

230 2084 331 2124 satis
354 2084 531 2125 constat.
577 2084 689 2125 Cum
709 2086 843 2136 igitur
860 2087 1029 2139 ingenti

228 2142 316 2182 iam
339 2141 550 2191 doctrina,
570 2149 614 2183 et
636 2142 866 2184 sanetitate
889 2145 1030 2185 clarus

227 2200 462 2240 haberetur
534 2201 726 2241 Romam
798 2209 1030 2244 reuocatus

204 2259 458 2311 -presbyter
498 2257 639 2299 factus
673 2259 742 2299 est.
805 2260 894 2300 Vbi
929 2275 1029 2302 cum

226 2316 536 2368 probatissima:
546 2317 647 2357 vitae
663 2317 871 2370 exemplo
888 2332 1030 2360 mores

228 2374 458 2414 hominum
474 2374 717 2427 castigaret,
734 2375 776 2415 in
793 2376 1030 2430 primisque

230 2431 487 2472 clericorum
550 2434 733 2473 crimina
784 2434 1032 2475 constanter

229 2495 431 2541 argueret
460 2503 547 2530 non
577 2490 718 2530 ferens
746 2491 934 2544 ipsorum
965 2493 1028 2533 in-

230 2547 408 2596 uidiam,
422 2561 480 2587 ex
497 2548 603 2588 vrbe
618 2549 774 2588 iterum
795 2548 1028 2601 p‘rofe5tus,

231 2604 406 2657 Syriam
449 2606 637 2658 repetijt,
680 2613 724 2646 et
766 2607 1027 2648 Bethlehem

229 2663 356 2702 iuxta
397 2663 601 2715 praesepe,
641 2665 759 2716 quod
812 2665 1026 2706 infantem

231 2720 449 2761 Christum
477 2727 727 2773 exceperat,
749 2728 945 2763 venturae
968 2724 1027 2764 se-

230 2776 397 2818 nectuti
421 2777 566 2818 sedem
589 2778 766 2831 delegit.
798 2780 888 2821 Vbi
911 2780 1027 2821 cum1

226 2835 311 2888 pijs
329 2834 552 2888 docfftisque
571 2836 670 2876 viris
690 2838 732 2876 in
752 2838 1025 2888 monasterio,

457 2965 469 2987 1
495 2977 580 3000 eum
604 2979 610 3001 :
633 2968 673 3001 R.
692 2968 732 3001 Α.

955 157 1190 189 OCTOBER.

1105 233 1225 286 quod
1249 234 1385 275 Paula
1408 240 1611 275 matrona
1634 231 1782 275 san&a
1804 246 1908 274 con-

1105 292 1289 342 diderat,
1313 291 1617 332 sanStisfimam
1635 293 1774 333 vitam
1798 291 1908 331 mul-

1104 350 1160 388 tis
1183 350 1273 401 egit
1296 351 1430 391 annis.
1485 351 1641 391 Libros
1659 349 1908 402 complures

1106 406 1277 460 scripsit.
1328 409 1470 449 Vetus
1503 408 1815 448 testamentum
1849 421 1906 447 ex

1104 464 1293 515 hebraeo,
1312 480 1477 506 nouum
1496 480 1554 506 ex
1577 479 1721 518 graeco
1744 465 1787 505 in
1811 464 1908 505 lati-

1105 537 1209 563 num
1228 523 1471 564 sermonem
1490 524 1717 564 conuertit.
1762 522 1908 563 Multa

1104 588 1316 633 praeterea
1338 595 1583 635 graecorum
1607 595 1740 634 opera
1763 580 1907 621 latini-

1104 645 1196 679 tate
1218 640 1414 680 donauit.
1456 640 1661 679 Tandem
1684 640 1788 679 vitae
1811 652 1907 679 cur-

1105 696 1150 736 su
1210 695 1468 737 sanfitissime
1524 695 1702 750 peracto
1755 697 1905 737 multis

1104 755 1324 795 miraculis
1343 755 1484 795 clarus
1502 755 1545 795 in
1564 755 1720 795 eodem
1739 755 1906 808 oppido

1104 812 1362 853 Bethlehem
1381 813 1586 866 migrauit
1602 813 1657 852 ad
1674 814 1905 853 dominum

1103 871 1244 923 pridie
1286 871 1494 911 calendas
1538 869 1744 913 Octobris
1787 884 1905 911 anno

1103 928 1260 970 Christi
1284 931 1373 970 nati
1396 929 1622 982 ccccxxij.
1676 929 1779 970 Suae
1801 943 1906 970 vero

1100 988 1244 1027 {etatis
1268 987 1549 1041 nonagesimo
1571 988 1726 1040 primo.

1424 1084 1586 1126 Oratio.

1109 1160 1300 1241 DEus,
1322 1160 1397 1213 qui
1424 1160 1612 1200 ecclesiae
1638 1165 1727 1200 tuae
1757 1160 1799 1200 in
1828 1174 1905 1200 ex-

1246 1218 1462 1272 ponendis
1513 1218 1640 1258 sacris
1687 1218 1906 1271 scripturis

1103 1275 1282 1316 beatum
1350 1276 1677 1328 Hieronymum
1741 1276 1906 1316 confes-

1103 1333 1239 1373 sorem
1269 1340 1394 1374 tuum
1418 1332 1647 1374 doctorem
1669 1333 1904 1387 gloriosum

1102 1391 1277 1443 elegisti,
1312 1391 1468 1445 praesta
1510 1392 1759 1444 quaesumus
1804 1408 1813 1433 :
1856 1398 1904 1433 vt

1102 1449 1293 1490 eiusdem
1318 1450 1401 1503 pijs
1426 1450 1760 1503 suffragantibus
1778 1451 1904 1490 meri-

1101 1508 1157 1547 tis
1189 1508 1308 1560 quod
1335 1522 1410 1548 ore
1436 1508 1557 1547 simul
1588 1513 1631 1548 et
1663 1521 1795 1560 opere
1826 1509 1906 1548 do-

1101 1566 1202 1613 cuit,
1239 1572 1283 1606 te
1320 1566 1558 1606 adiuuante
1595 1579 1799 1606 exercere
1831 1580 1904 1607 va-

1101 1623 1272 1664 leamus
1296 1640 1303 1664 :
1326 1637 1404 1676 per
1425 1624 1670 1664 dominum.

1373 1753 1417 1797 ΕῙ
1456 1749 1636 1792 October.

1177 1859 1433 1912 Franczscns
1452 1860 1653 1912 confessor
1671 1859 1824 1913 duplex

1425 1918 1580 1959 minus.

1422 2007 1584 2050 Oratio.

1107 2084 1297 2166 DEus,
1312 2083 1385 2136 qui
1404 2083 1626 2124 ecclesiam
1645 2089 1767 2124 tuam
1785 2083 1904 2124 beati

1215 2141 1430 2181 Francisci
1454 2142 1619 2181 meritis
1641 2141 1750 2182 foetu
1774 2155 1902 2182 nouae

1101 2199 1234 2252 prolis
1253 2199 1496 2252 amplificas
1515 2215 1522 2239 :
1540 2199 1682 2240 tribue
1700 2200 1826 2239 nobis
1844 2213 1902 2239 ex

1101 2258 1193 2297 eius
1209 2257 1455 2298 imitatione
1470 2264 1642 2297 terrena
1656 2257 1875 2310 despicere
1894 2273 1902 2298 :

1101 2322 1144 2356 et
1186 2315 1426 2355 coelestium
1468 2315 1686 2355 donorum
1735 2315 1903 2368 semper

1099 2373 1438 2427 participatione
1459 2374 1652 2426 gaudere
1674 2388 1682 2413 z
1704 2386 1791 2426 per.

1336 2476 1482 2516 Leaio
1504 2475 1633 2516 tertia
1639 2474 1663 2516 ².

1183 2550 1420 2590 Ranciscus
1455 2550 1635 2590 natione
1671 2549 1803 2590 italus
1839 2549 1902 2589 as-

1209 2608 1283 2660 fifij
1328 2614 1457 2648 natus
1498 2607 1637 2660 (quod
1686 2607 1901 2660 oppidum

1099 2666 1158 2706 est
1185 2666 1228 2706 in
1251 2666 1457 2718 Vmbria)
1478 2666 1543 2705 vir
1570 2665 1653 2705 fuit
1682 2665 1900 2717 religiosis-

1098 2724 1227 2763 simus
1290 2723 1559 2775 euangelicae
1621 2720 1900 2775 perfeetionis

1098 2780 1284 2822 seetator
1322 2796 1329 2821 ε
1367 2781 1600 2833 floruitque
1639 2780 1900 2820 Innocentio

1097 2853 1214 2892 papa
1229 2839 1369 2879 tertio.
1400 2838 1518 2878 Nam
1534 2851 1633 2878 cum
1649 2837 1899 2878 adolescens

1388 2967 1401 2988 ²
1427 2968 1487 3002 die
1505 2977 1538 3010 ,4
1556 2968 1596 3001 in
1616 2979 1662 3002 m.
