1981 3248
781 145 1074 177 DECEMBER.

102 236 145 281 (ἶ
177 233 363 274 Thomas
383 233 706 287 archiepiscopus
721 240 899 287 martyr.

374 291 518 332 Lemo
540 290 634 344 jzjl.

188 376 362 417 Homas
403 377 583 417 natione
624 376 781 430 anglus
818 377 899 417 sus-

215 440 344 487 cepto
385 434 757 487 archiepiscopatu
800 448 901 475 can-

103 490 357 531 thuarienfi2
373 498 420 532 vt
442 493 485 532 in
509 492 780 532 cancellariae
806 506 898 532 mu-

103 549 278 589 neribus
301 549 516 590 obeundis
545 550 714 590 strenue
744 549 784 590 se
806 550 897 602 ges-

102 606 224 655 serat,
265 606 319 646 s1c
370 607 414 647 in
465 607 642 648 ecclefia
694 608 899 648 adminis-

100 665 259 704 tranda
281 664 438 705 fortem
458 671 501 705 et
518 665 788 706 constantem
807 666 898 705 ani-

102 735 224 762 mum
259 722 468 775 praestitit.
531 724 649 763 Nam
684 737 783 764 cum
818 737 897 763 rex

104 779 324 820 Henricus
375 778 530 821 coa&a
570 781 737 833 synodo
779 780 897 833 leges

101 837 311 889 quasdam
349 837 459 878 ferre
496 838 723 878 moliretur
756 838 898 891 digni-

101 895 194 943 tati,
226 901 270 935 et
302 896 547 936 commodis
580 896 769 936 ecclefiae
803 910 898 949 per-

101 952 296 1002 niciosas,
310 959 402 993 tam
426 952 571 994 sancte
586 960 629 994 et
651 954 899 994 constanter

101 1009 140 1050 se
189 1011 419 1050 conatibus
460 1012 551 1051 eius
593 1011 808 1065 opposuit,
851 1018 898 1052 vt

101 1068 230 1108 nullis
246 1082 387 1121 neque
405 1069 806 1121 pollicitationibus,
823 1083 897 1110 ne-

100 1139 185 1178 que
203 1127 332 1166 minis
348 1128 540 1179 potuerit
555 1128 773 1167 deterreri.
808 1128 897 1168 Ita-

100 1197 185 1236 que
209 1184 354 1224 missus
376 1184 436 1224 est
458 1185 546 1237 ipse
568 1186 611 1224 in
635 1185 830 1232 exilium,
855 1191 897 1226 et

99 1248 193 1281 tota
230 1243 321 1282 eius
358 1243 564 1295 cognatio
602 1257 736 1295 regno
768 1257 898 1283 exce-

99 1300 202 1339 dere
225 1299 340 1347 iussa,
360 1299 619 1340 cunctorum
638 1301 764 1340 bonis
787 1301 897 1353 pub-

99 1357 250 1397 licatis.
304 1358 448 1399 Sexto
470 1364 618 1398 autem
642 1372 758 1398 anno
781 1372 897 1412 papa

100 1421 143 1455 et
162 1414 389 1456 Gallorum
407 1429 507 1469 rege
523 1415 896 1457 intercedentibus

100 1473 156 1513 ab
175 1473 310 1513 exilio
325 1487 425 1513 cum
444 1474 611 1526 ingenti
626 1474 760 1514 totius
775 1474 896 1526 regni

99 1531 395 1583 gratulatione
447 1537 688 1580 reuocatur,
734 1545 896 1584 magno

99 1596 247 1628 tamen
265 1588 420 1628 scelere
437 1595 569 1641 atque
585 1589 736 1629 fraude
752 1588 896 1642 regisss.

100 1645 187 1699 Qui
230 1646 382 1686 dolens
417 1646 646 1699 sacrilegos
689 1646 785 1686 suos
827 1661 896 1687 co-

99 1710 228 1744 natus
251 1704 438 1744 Thomae
462 1702 689 1744 sanctitate
707 1705 762 1745 ad
786 1704 897 1744 nihi-

99 1761 189 1802 lum
220 1762 423 1810 recidisse,
445 1762 608 1802 violata
641 1761 727 1801 fide
760 1763 896 1802 mittit

99 1826 367 1860 armatorum
402 1833 593 1868 manum,
616 1820 689 1872 qui
719 1834 818 1860 eum
853 1821 895 1860 in

99 1877 172 1917 sua
195 1877 370 1917 ecclefia
392 1877 672 1918 trucidarent.
725 1877 895 1930 Quibus

99 1935 170 1975 ille
185 1935 523 1975 aduenientibus
538 1942 688 1987 portas
697 1935 896 1984 ecclesiae,

99 2007 207 2046 quas
230 1993 372 2033 clerici
396 1994 451 2033 ad
469 1992 757 2033 obslstendum
779 1993 895 2033 clau-

99 2051 251 2099 serant,
289 2050 507 2103 patefecit,
548 2051 676 2103 seque
718 2052 896 2103 intrepi-

100 2110 206 2149 dum
241 2108 401 2148 obtulit
443 2108 731 2160 iugulandum
768 2123 775 2148 :
813 2108 894 2148 hoc

99 2168 321 2207 duntaxat
361 2172 575 2218 precatus,
626 2179 680 2205 ne
722 2166 893 2206 suorum

99 2225 328 2277 quisquam
351 2223 592 2264 laederetur.
643 2223 693 2263 In
718 2237 788 2263 me
810 2224 894 2276 (in-

99 2282 210 2335 quit)
241 2295 376 2321 vnum
408 2280 497 2321 tela
528 2282 781 2329 conuertite,
806 2295 893 2321 non

99 2341 215 2380 enim
240 2339 385 2379 recuso
408 2352 487 2391 pro
505 2339 574 2379 dei
590 2338 765 2378 ecclesia
781 2352 894 2378 mor-

98 2404 188 2438 tem
212 2402 432 2450 oppetere.
495 2397 652 2449 Itaque
671 2396 797 2436 flexis
820 2410 892 2449 ge-

99 2456 227 2496 nibus
249 2456 380 2495 deum
411 2454 610 2501 adorans,
632 2453 790 2506 gladijs
815 2455 893 2494 im-

99 2513 270 2566 piorum
293 2512 508 2552 confossus
538 2512 741 2551 occubuit
764 2526 798 2551 v.
824 2526 893 2551 ca-

99 2570 252 2610 lendas
273 2570 541 2609 Decembris.
576 2569 710 2610 Cuius
736 2583 893 2621 corpus

99 2627 167 2668 in‘*
193 2628 348 2668 eadem
383 2627 558 2666 ecclesia
584 2627 811 2666 conditum
834 2626 893 2667 est

98 2684 520 2739 magnificentissimo
542 2684 776 2738 sepulchro.

169 2849 179 2869 ¹
206 2849 265 2883 die
285 2859 350 2892 29.
371 2849 410 2882 in
430 2860 474 2882 m.
495 2860 562 2882 om.
585 2849 622 2882 P.

169 2897 181 2916 ²
207 2895 494 2930 canthuarienfis
514 2907 520 2929 :
539 2897 581 2929 A.

168 2943 181 2963 ³
206 2943 297 2987 legis
318 2955 323 2976 :
346 2943 382 2976 P.

1690 137 1766 187 183

999 225 1042 270 11
1080 222 1226 262 Leii‘io
1268 222 1394 263 tertia
1419 223 1562 274 sermo
1591 225 1740 276 fimbi'i

1209 280 1365 320 Leonis
1376 281 1530 333 papae5.

1044 351 1235 392 Aluator
1251 352 1394 393 noster
1411 352 1668 395 dilectissimi
1687 369 1764 395 no—

1072 410 1139 450 bis
1181 417 1310 450 natus
1344 410 1404 450 est
1439 425 1446 450 :
1480 412 1763 463 gaudeamus.

972 467 1128 519 Neque
1162 468 1279 508 enim
1312 467 1376 507 fas
1414 468 1473 508 est
1505 468 1649 509 locum
1682 471 1765 511 esse

969 525 1151 565 tristitiae
1195 540 1202 565 :
1243 526 1315 565 vbi
1358 525 1516 565 natalis
1558 527 1617 567 est
1649 528 1763 570 vitae.

971 582 1084 636 Quae
1113 582 1374 636 consumpto
1404 583 1682 625 mortalitatis
1712 587 1763 626 ti-

969 654 1089 680 more
1125 641 1284 693 ingerit
1316 641 1442 680 nobis
1474 641 1529 681 de
1561 643 1764 694 promissa

969 699 1215 739 aeternitate
1256 698 1468 739 laetitiam.
1531 699 1676 740 Nemo
1708 702 1764 741 ab

968 755 1096 796 huius
1147 755 1384 796 alacritatis
1426 757 1762 810 participatione

968 812 1212 854 secernitur.
1274 814 1375 854 Vna
1404 812 1571 854 cunffis
1598 815 1763 856 laetitiae

968 872 1216 911 communis
1239 871 1299 911 est
1322 872 1432 912 ratio
1458 885 1465 912 :
1489 873 1591 925 quia
1623 874 1763 913 domi-

968 942 1049 968 nus
1073 929 1214 969 noster
1236 930 1405 981 peccati
1430 930 1665 982 mortisque
1688 931 1763 971 de-

967 983 1149 1026 strusfftor
1184 1003 1191 1027 :
1232 987 1337 1027 sicut
1374 987 1542 1027 nullum
1578 987 1603 1027 a
1640 995 1761 1029 reatu

967 1043 1151 1084 liberum
1182 1045 1403 1097 repperit:
1437 1046 1498 1085 ita
1528 1045 1763 1086 liberandis

967 1102 1171 1142 omnibus
1193 1103 1324 1144 venit.
1364 1102 1551 1143 Exultet
1574 1101 1763 1145 sanffims:

966 1160 1071 1212 quia
1107 1160 1434 1213 appropinquat
1466 1162 1521 1201 ad
1555 1161 1762 1214 palmam.

968 1218 1172 1258 Gaudeat
1187 1224 1392 1271 peccator
1411 1234 1417 1258 :
1434 1219 1536 1271 quia
1553 1220 1764 1259 inuitatur

966 1275 1022 1315 ad
1045 1276 1231 1315 veniam.
1292 1275 1533 1316 Animetur
1553 1277 1728 1329 gentilis
1754 1291 1762 1317 :

965 1333 1067 1386 quia
1081 1339 1264 1373 vocatur
1277 1334 1332 1374 acl
1348 1334 1496 1373 vitam.
1554 1335 1638 1374 Dei
1657 1348 1762 1374 nan-

965 1404 1051 1443 que
1092 1390 1206 1431 filius
1248 1390 1484 1431 secundum
1528 1391 1763 1444 plenitudi-

966 1462 1067 1488 nem
1085 1449 1296 1501 temporis
1325 1465 1331 1489 :
1353 1462 1486 1501 quam
1505 1450 1641 1489 diuini
1661 1464 1762 1490 con-

965 1505 1040 1558 filij
1076 1506 1365 1546 inscrutabilis
1398 1506 1587 1546 altitudo
1620 1507 1761 1560 dispo-

965 1563 1057 1613 suit,
1089 1564 1457 1604 reconciliandam
1490 1563 1656 1604 au&ori
1689 1565 1762 1605 suo

965 1627 1167 1661 naturam
1183 1623 1354 1674 generis
1370 1621 1545 1674 sumpsit
1559 1622 1763 1663 humani:

964 1685 1010 1719 vt
1038 1680 1241 1719 inuentor
1269 1679 1421 1720 mortis
1455 1679 1656 1720 diabolus
1686 1694 1763 1733 per

966 1737 1117 1789 ipsam,
1159 1751 1246 1790 qua
1288 1737 1462 1786 vicerat,
1505 1738 1761 1778 vinceretur.

967 1795 1017 1834 In
1041 1809 1128 1847 quo
1155 1793 1361 1835 conflifflm
1390 1809 1468 1847 pro
1499 1795 1624 1835 nobis
1654 1796 1762 1836 inito

966 1866 1128 1905 magno
1151 1859 1195 1893 et
1217 1852 1404 1892 mirabili
1427 1853 1649 1905 aequitatis
1671 1853 1762 1893 iure

964 1917 1179 1950 certatum
1204 1910 1273 1950 est.
1337 1911 1457 1950 Dum
1480 1910 1762 1963 omnipotens

964 1968 1169 2008 dominus
1184 1982 1284 2008 cum
1300 1967 1524 2008 saeuisfimo
1539 1968 1659 2008 hoste
1674 1982 1761 2008 non

964 2026 1006 2065 in
1027 2025 1099 2066 sua
1119 2025 1353 2074 maiestate,
1372 2025 1442 2066 sed
1462 2026 1503 2065 in
1527 2025 1670 2065 nostra
1684 2025 1762 2066 hu-

964 2084 1149 2123 militate
1181 2083 1472 2136 congreditur.
1534 2083 1759 2135 Obijciens

965 2141 1002 2181 ei
1035 2142 1222 2181 eandem
1257 2141 1454 2189 formam,
1486 2141 1762 2193 eandemque

963 2205 1166 2238 naturam
1215 2214 1221 2238 :
1263 2198 1544 2238 mortalitatis
1582 2199 1760 2251 quidem

963 2256 1118 2296 nostrae
1151 2256 1409 2308 participem
1443 2271 1450 2296 :
1485 2255 1555 2296 sed
1591 2257 1760 2308 peccati

962 2314 1098 2354 totius
1121 2320 1362 2366 expertem.

1037 2423 1080 2467 (Ι
1109 2419 1321 2474 Sylnester
1332 2428 1446 2473 papa
1468 2421 1675 2473 consessor.

1233 2499 1374 2540 Leislic)
1396 2498 1491 2553 35⁴⁶.

966 2568 1233 2651 SYluether
1255 2569 1397 2621 patria
1420 2582 1626 2633 romanus
1644 2583 1761 2609 anno

1066 2625 1221 2666 Chr1st1
1258 2640 1509 2667 ,cccxxxrffi
1552 2627 1607 2666 ad
1650 2626 1761 2667 sum-

964 2697 1084 2723 mum
1127 2683 1434 2737 pontificatum
1487 2681 1650 2725 electus
1702 2684 1761 2725 est

1032 2847 1045 2868 4
1070 2848 1107 2881 in
1134 2858 1226 2881 zoni.
1251 2848 1293 2881 A.

1032 2894 1045 2914 Γ)
1070 2894 1130 2928 die
1150 2904 1194 2937 30
1211 2895 1251 2927 isi
1270 2906 1314 2927 m.
1338 2896 1379 2928 R.
1403 2896 1439 2928 P.
1460 2895 1502 2928 A.

1032 2940 1044 2959 ’ἲ
1070 2941 1130 2975 die
1149 2951 1213 2984 ,31.
1235 2941 1274 2974 in
1293 2953 1338 2975 m.
