1981 3248
168 159 197 198 4
705 155 963 188 DOMINICA
997 155 1069 187 AD
1099 156 1314 189 PRIMAM.

168 240 290 289 deos,
310 243 389 279 aut
414 236 620 278 dominos
649 235 807 285 dicere,
829 234 981 276 catho-

169 297 255 338 lica
276 296 489 350 religione
510 294 809 348 prohibemur.

230 355 362 396 Pater
397 368 423 394 a
457 352 578 394 nullo
610 352 671 393 est
702 349 866 392 fafitus:
902 363 984 390 nec

170 419 356 462 creatus,
379 425 458 452 nec
480 411 668 464 genitus.

231 471 368 512 Filius
404 483 431 510 a
467 474 593 523 patre
630 466 719 508 solo
754 466 813 507 est
851 480 859 507 :
894 478 982 505 non

172 528 317 570 fa6³ms
344 541 352 569 z
375 541 456 568 nec
478 532 664 574 creatus,
687 525 757 565 sed
780 524 968 577 genitus.

232 585 423 641 Spiritus
467 582 639 625 san&us
683 597 708 623 a
754 588 890 636 patre,
939 586 983 621 et

171 645 263 686 filio
283 660 291 685 :
311 657 398 685 non
414 642 567 691 faetus,
586 656 665 682 nec
683 647 856 681 creatus
875 655 882 680 :
901 653 981 679 nec

171 703 361 757 genitus,
384 701 455 742 sed
478 700 733 755 procedens.

229 761 358 802 Vnus
404 772 509 812 ergo
561 764 698 811 pater,
750 769 840 796 non
891 760 981 795 tres

171 825 320 873 patres
345 831 353 859 :
376 831 488 858 vnus
510 816 636 865 filius,
655 828 742 855 non
765 820 853 855 tres
871 812 947 865 filij
975 828 981 853 :

172 891 284 918 vnus
328 876 502 929 spiritus
540 872 725 922 Μηδίας,
764 885 854 913 non
891 877 979 912 tres

173 935 346 990 spiritus
370 931 517 974 samsti.

232 994 292 1034 Et
318 992 361 1032 in
388 991 473 1032 hac
498 990 695 1031 trinitate
718 986 826 1029 nihil
848 987 981 1041 prius,

173 1057 250 1097 aut
286 1050 498 1105 posterius
537 1064 545 1089 :
582 1047 689 1088 nihil
724 1047 867 1087 maius
903 1052 980 1085 aut

174 1110 320 1149 minus
358 1124 366 1149 z
398 1107 469 1148 sed
512 1112 620 1147 totae
657 1112 746 1145 tres
783 1103 979 1157 personae

172 1173 404 1208 coaeternae
466 1164 541 1205 fibi
603 1163 701 1204 sunt
762 1169 806 1203 et
868 1175 980 1202 coee-

173 1224 341 1279 quales.

235 1284 306 1324 Ita
346 1287 394 1322 vt
435 1293 514 1334 per
554 1279 704 1320 omnia
744 1277 850 1318 sicut
893 1277 980 1317 iarn

176 1338 475 1395 supradi&um
519 1338 579 1379 est
624 1351 632 1378 :
674 1343 718 1378 et
759 1336 903 1376 vnitas
939 1336 982 1375 in

174 1399 373 1441 trinitate
410 1413 418 1439 :
451 1403 494 1437 et
532 1396 705 1437 trinitas
737 1394 780 1434 in
812 1394 983 1434 vnitate

175 1456 429 1499 veneranda
451 1455 511 1496 fit.

235 1515 323 1568 Qui
346 1514 440 1555 vult
465 1525 570 1566 ergo
600 1510 742 1551 saluus
772 1509 855 1551 esse
886 1525 894 1550 :
923 1508 984 1550 ita

176 1575 232 1616 de
254 1573 452 1614 trinitate
474 1571 641 1611 sentiat.

237 1632 326 1673 Sed
363 1629 646 1671 necessarium
682 1626 742 1667 est
773 1626 829 1666 ad
859 1631 985 1665 aeter-

178 1703 282 1730 nam
313 1688 496 1729 salutem
529 1692 604 1728 :vt
635 1684 985 1725 incarnationem

177 1761 356 1801 quoque
373 1745 542 1787 domini
561 1743 693 1784 nostri
714 1742 808 1783 Iesu
828 1741 986 1783 Christi

178 1806 365 1846 fideliter
387 1804 548 1845 credat.

239 1863 315 1904 Est
337 1861 570 1915 ergofides
594 1856 711 1899 “etsta
738 1874 746 1899 :
767 1862 815 1898 vt
837 1857 987 1897 creda-

180 1935 279 1962 mus
293 1927 337 1961 et
354 1918 643 1960 confiteamur
660 1917 763 1970 quia
781 1915 987 1955 dominus

181 1980 324 2020 noster
353 1977 472 2018 Iesus
503 1975 697 2018 Christus
729 1973 800 2015 dei
833 1973 946 2013 filius
980 1986 988 2013 :

181 2039 302 2085 deus,
325 2042 369 2077 et
391 2036 526 2076 homo
549 2033 619 2074 est.

240 2096 363 2136 Deus
396 2093 456 2134 est
488 2106 547 2132 ex
580 2089 818 2131 substantia
851 2088 988 2141 patris

181 2160 285 2195 ante
324 2151 466 2193 secula
506 2149 682 2203 genitus
722 2162 730 2189 :
768 2153 813 2188 et
854 2147 989 2186 homo

183 2212 243 2253 est
266 2226 324 2251 ex
348 2209 586 2250 substantia
604 2206 756 2247 matris
779 2206 822 2245 in
847 2204 989 2246 seculo

183 2276 325 2310 natus

242 2324 466 2368 Perfe&us
484 2324 604 2372 deus,
618 2319 838 2376 perfeffitus
855 2319 991 2360 homo

183 2400 241 2427 ex
275 2385 422 2425 anima
460 2381 673 2430 rationali,
711 2386 755 2421 et
796 2379 991 2419 humana

184 2457 314 2485 carne
336 2441 572 2482 subsistens

244 2500 427 2554 Equalis
460 2497 574 2552 patri
609 2495 846 2536 secundum
881 2494 990 2534 diui-

186 2560 372 2600 nitatem
405 2573 413 2597 :
438 2557 583 2597 minor
604 2559 729 2608 patre
752 2553 989 2593 secundum

185 2616 521 2658 humanitatem.

244 2674 332 2727 Qui
365 2673 466 2713 licet
497 2672 605 2712 deus
639 2669 699 2715 fit,
735 2674 779 2709 et
814 2667 949 2707 homo
982 2681 990 2708 :

187 2746 275 2772 non
311 2732 400 2772 duo
433 2736 583 2771 tamen
621 2743 629 2768 :
671 2727 741 2767 sed
783 2739 894 2767 Vnus
931 2724 991 2765 est

188 2789 393 2832 Christus.

246 2848 373 2888 Vnus
405 2850 552 2886 autem
588 2856 674 2883 non
710 2841 992 2882 Conuersione

487 2965 496 2985 ¹
524 2963 637 2998 michi
663 2976 669 2996 z
691 2964 727 2996 P.

1046 234 1292 276 diuinitatis
1331 235 1375 276 in
1412 247 1590 276 carnem
1629 250 1638 276 ε
1680 232 1752 274 secl
1790 230 1850 272 as-

1047 292 1297 346 sumptione
1319 293 1611 334 humanitatis
1634 293 1678 332 in
1700 292 1847 332 deum.

1105 350 1233 392 Vnus
1268 352 1449 392 omnino
1483 365 1572 391 non
1603 349 1854 391 confusione

1046 407 1297 449 substantiae
1322 421 1330 450 :
1354 409 1425 450 secl
1448 410 1618 449 vnitate
1645 407 1850 461 personae.

1107 466 1225 507 Nam
1249 466 1355 508 ficut
1380 467 1528 507 anima
1550 464 1787 513 rationalis,
1809 468 1854 504 et

1048 538 1150 565 caro
1172 538 1283 565 vnus
1305 525 1365 565 est
1383 525 1517 565 homo
1540 538 1548 565 ε
1571 525 1633 564 ita
1647 524 1756 564 deus
1778 537 1786 562 z
1809 527 1854 562 et

1048 582 1183 622 homo
1205 596 1316 623 vnus
1339 583 1399 623 est
1424 582 1629 623 Christus.
1809 595 1811 597 ’

1108 640 1195 693 Qui
1214 641 1356 693 passus
1375 640 1435 681 est
1453 654 1531 693 pro
1546 639 1681 680 salute
1699 637 1856 685 nostra,

1049 698 1274 739 descendit
1303 699 1359 739 ad
1393 698 1553 738 inferos
1587 713 1595 738 :
1623 697 1752 738 tertia
1783 695 1855 736 die

1049 756 1283 797 resurrexit
1306 771 1331 797 a
1354 756 1549 796 mortuis.

1108 814 1322 855 Ascendit
1356 814 1412 854 ad
1447 813 1578 854 caelos
1610 828 1617 853 :
1652 812 1771 853 sedet
1799 810 1855 851 ad

1049 872 1283 913 dexteram
1310 873 1380 913 dei
1411 872 1548 925 patris
1576 871 1856 923 omnipoten-

1051 931 1106 971 tis
1142 946 1150 971 z
1185 930 1288 971 inde
1324 937 1534 971 venturus
1566 928 1627 969 est
1663 929 1857 969 iudicare

1050 989 1187 1037 viuos‚
1209 994 1253 1029 et
1276 995 1486 1029 mortuos.

1109 1046 1186 1087 Ad
1234 1047 1357 1087 cuius
1404 1046 1650 1086 aduentum
1702 1056 1857 1083 omnes

1051 1103 1254 1145 homines
1296 1104 1515 1157 resurgere
1551 1103 1717 1143 habent
1756 1114 1856 1142 cum

1051 1163 1308 1215 corporibus
1330 1162 1414 1202 suis
1440 1176 1448 1202 :
1471 1168 1514 1202 et
1532 1160 1742 1201 reddituri
1762 1159 1859 1200 sunt

1051 1221 1107 1261 de
1129 1219 1256 1261 fa&is
1279 1220 1466 1273 proprijs
1489 1220 1718 1260 rationem.

1112 1279 1171 1318 Et
1197 1278 1272 1331 qui
1303 1279 1420 1318 bona
1449 1284 1644 1330 egerunt,
1666 1277 1792 1316 ibunt
1815 1275 1858 1315 in

1051 1337 1188 1377 vitam
1216 1343 1427 1376 {eternam
1465 1349 1472 1375 :
1505 1336 1580 1389 qui
1608 1348 1712 1376 vero
1742 1333 1858 1373 mala

1051 1408 1095 1434 in
1119 1408 1265 1447 lgnem
1289 1401 1515 1434 aeternum.

1114 1453 1227 1492 Haec
1250 1452 1310 1492 est
1333 1452 1443 1492 fides
1471 1450 1701 1499 catholica,
1722 1463 1856 1503 quarn

1054 1510 1128 1551 nis1
1158 1510 1340 1563 quisque
1370 1509 1568 1558 fideliter,
1590 1509 1860 1561 firmiterque

1053 1568 1310 1610 crediderit:
1326 1567 1468 1609 saluus
1483 1568 1566 1608 esse
1581 1581 1668 1608 non
1684 1568 1859 1621 poterit.

1133 1701 1177 1746 01
1210 1698 1293 1738 Ad
1319 1697 1504 1739 tertiam.
1565 1697 1781 1750 Psalmns.

1070 1798 1082 1835 ἒ
1103 1815 1170 1861 {a
1191 1801 1333 1854 Egem
1352 1814 1467 1854 pone
1483 1800 1668 1841 mihi1...
1683 1800 1725 1841 in
1745 1800 1859 1841 iusti-

1079 1858 1082 1860 ’
1105 1853 1169 1892 ””·”·-“”ἕ
1217 1860 1498 1900 ficationibus
1519 1859 1617 1899 tuis,

1176 1946 1315 1986 Emor
1384 1945 1473 1986 esto
1538 1945 1659 1986 verbi
1720 1944 1783 1985 tui

1188 2003 1517 2044 iustificationes
1533 2009 1633 2044 tuas
1651 2004 1761 2044 doce
1779 2016 1861 2042 me.

1141 2095 1373 2138 Onitatem
1420 2094 1555 2136 fecisti
1598 2108 1697 2135 cum
1740 2094 1861 2135 seruo

1168 2160 1356 2195 tuo...vt
1379 2167 1468 2194 non
1491 2153 1749 2194 confundar.

1136 2282 1181 2327 (Ι
1214 2278 1296 2319 Ad
1326 2278 1514 2320 sextam.
1575 2278 1791 2330 Psalmzts.

1076 2377 1089 2402 ²³
1110 2413 1173 2437 ,
1196 2383 1340 2424 Efecit
1363 2384 1404 2423 in
1424 2383 1610 2423 salutare
1627 2388 1752 2423 tuum
1772 2382 1861 2421 ani-

1074 2442 1171 2476 ἑά
1224 2455 1297 2481 ma
1337 2441 1638 2482 mea...latum
1680 2441 1862 2481 manda-

1058 2503 1153 2538 tum
1176 2504 1301 2539 tuum
1325 2499 1466 2540 nimis.

1153 2583 1360 2624 Vomodo
1392 2583 1530 2624 dilexi
1563 2581 1707 2636 legem
1740 2588 1862 2622 tuam

1074 2659 1143 2707 τῇ]
1181 2642 1624 2694 domine...propter
1682 2640 1864 2680 retribu-

1058 2706 1238 2742 tionem.

1066 2779 1286 2862 INiquos
1336 2777 1440 2818 odio
1487 2776 1861 2817 habui...omnern

1152 2836 1290 2878 viam²
1312 2837 1509 2889 iniquam
1531 2836 1634 2875 odio
1656 2835 1800 2876 habui.

1253 2956 1265 2977 2
1293 2957 1407 2990 vitam
1432 2969 1437 2990 :
1462 2957 1507 2989 R.
1529 2956 1570 2989 Α.
