1981 3248
770 148 1089 180 SEPTEMBER.

77 241 331 278 memorare,
346 241 456 281 quos
475 227 582 267 deus
606 226 730 266 initio
754 239 879 265 mun-

75 288 119 326 di
135 286 299 326 creauit
314 285 433 325 nulla
448 282 632 324 infectos
647 283 877 336 prauitate‚

77 344 178 384 licet
210 343 400 396 ipsorum
433 342 614 395 quidam
648 355 705 381 ex
737 342 878 381 omni-

77 401 159 441 bus
201 401 428 441 ordinibus
480 399 553 439 sua
605 398 735 451 culpa
777 412 877 438 cum

76 459 271 511 principe
293 457 470 497 diabolo
490 457 740 497 corruerint.
783 456 880 496 An-

76 515 275 567 gelorum
299 516 441 568 igitur,
456 515 530 567 qui
553 515 595 554 in
619 514 760 554 officio
783 527 880 566 per-

77 573 250 621 stantes,
272 573 446 613 suerunt
476 573 519 612 in
552 572 694 623 gratia
725 570 879 611 confir-

78 631 197 677 mati,
215 637 303 671 tres
321 631 501 670 omnino
517 630 600 669 esse
615 628 879 669 hierarchias

76 689 334 741 grauisslmis
397 686 643 727 san&orum
694 686 879 726 volumi-

78 760 195 791 num,
240 752 284 785 et
336 744 565 786 auffitorum
616 744 878 796 testimonijs

79 804 339 856 accepimus.
402 803 648 856 supremam
720 802 879 841 scilicet

79 862 283 910 mediam,
337 866 380 901 et
431 860 641 908 infimam,
693 872 879 912 quarum

78 918 256 971 singulae
291 925 440 958 ternos
474 918 648 957 ordines
683 917 880 957 contine-

78 983 167 1025 ant,
200 976 401 1029 suprema
434 975 697 1028 seraphinos‚
728 974 880 1014 cheru-

77 1034 218 1081 binos,
241 1040 284 1074 et
307 1033 500 1074 thronos.
563 1033 710 1072 media
734 1032 878 1072 domi-

80 1092 293 1139 nationes,
316 1091 601 1144 principatus,
624 1096 667 1130 et
690 1089 879 1142 potesta-

78 1156 157 1198 tes,
180 1149 332 1189 infima
354 1149 551 1196 virtutes,
574 1147 878 1200 archangelos,

79 1213 122 1247 et
145 1207 218 1259 qui
242 1206 387 1259 angeli
411 1204 635 1259 propiore¹
650 1204 879 1253 vocabulo,

78 1265 197 1317 quod
221 1264 280 1304 est
302 1264 496 1316 alioquin
529 1263 734 1303 omnibus
761 1276 880 1302 com-

79 1335 213 1362 mune
263 1322 559 1362 nominantur.
641 1320 882 1361 Conficitur

78 1386 228 1420 autem
269 1378 559 1432 vnusquisque
610 1378 719 1418 ordo
770 1391 882 1431 prae-

80 1437 237 1477 stantia
278 1443 322 1477 et
356 1436 637 1476 similitudine
675 1436 878 1482 muneris,

81 1501 125 1535 et
147 1496 301 1547 gratiae
331 1511 338 1535 :
366 1508 452 1547 qua
475 1494 656 1546 quidam
680 1493 880 1546 angelor-

81 1566 155 1591 um
190 1553 460 1592 conueniunt
501 1552 614 1591 inter
649 1551 698 1591 se.
761 1551 880 1590 Nam

80 1610 181 1651 licet
223 1608 382 1650 cun&a
423 1610 663 1662 gratiarum
699 1621 881 1649 munera

80 1681 233 1708 omnes
285 1668 545 1720 acceperint,
594 1666 680 1706 alia
730 1672 880 1706 tamen

79 1725 176 1777 alijs
199 1726 360 1778 largius
382 1725 547 1765 tributa
563 1724 669 1764 sunt.
723 1724 881 1776 Itaque

80 1783 292 1835 seraphini
309 1782 601 1835 appellantur,
621 1781 695 1834 qui
712 1781 880 1821 caeteris

79 1841 292 1880 charitate
306 1840 525 1893 praestant,
540 1838 880 1891 cherubini²,qui

80 1898 302 1951 sapientia,
317 1912 367 1938 ac
390 1898 536 1937 caeteri
559 1897 716 1937 eodem
736 1898 879 1937 modo.

82 1956 171 1997 Sed
205 1969 460 2009 quanquam
504 1954 650 2007 angeli
693 1968 781 2007 quo
817 1954 882 1994 su-

80 2013 270 2066 periores
295 2012 501 2062 sunt,hoc
524 2012 660 2052 rarius
683 2026 709 2052 a
731 2012 815 2052 deo
837 2013 880 2052 in

81 2071 366 2111 ministerium
417 2070 597 2122 aliquod
650 2070 883 2110 mittantur

81 2128 307 2181 (tutelares
330 2128 444 2168 enim
468 2141 655 2180 quorum
678 2127 883 2179 cuiusque

80 2186 181 2226 fidei
223 2185 375 2237 finguli
427 2185 629 2224 homines
680 2185 884 2224 commit-

80 2250 233 2284 tuntur
273 2257 331 2283 ex
374 2242 525 2282 infimo
567 2241 722 2281 ordine
764 2241 879 2295 sunt)

81 2308 230 2341 tamen
261 2315 318 2341 ex
349 2301 470 2340 omni
500 2301 652 2340 ordine
684 2300 882 2352 quando-

80 2372 165 2412 que
207 2359 322 2398 mitti
365 2357 546 2397 testatur
590 2357 763 2406 Paulus,
808 2357 882 2410 qui

82 2430 237 2456 omnes
270 2415 448 2468 (inquit)
482 2415 577 2454 sunt
609 2414 882 2455 administra-

81 2474 180 2526 torij
207 2473 378 2526 spiritus
397 2473 439 2512 in
458 2472 743 2512 ministerium
763 2472 880 2512 missi.

84 2532 241 2583 Itaque
257 2530 617 2583 Michaelem,qui
637 2543 752 2570 nunc
767 2530 883 2583 prin-

83 2602 185 2641 ceps
208 2588 395 2628 ecclefiae
419 2588 578 2627 dicitur
600 2587 694 2636 esse,
708 2593 756 2627 vt
778 2587 882 2627 olim

84 2646 333 2699 synagogae,
348 2645 449 2685 licet
464 2651 557 2685 tum
574 2645 769 2697 angelus,
787 2650 882 2684 tum

81 2702 882 2755 archangelusnominetur,essetamen

83 2761 295 2814 supremae
311 2760 563 2800 hierarchia:
580 2759 883 2800 existimarunt

152 2891 164 2912 ¹
191 2890 380 2936 propriore
406 2903 411 2925 :
431 2891 473 2924 R.
493 2891 529 2925 P.
549 2892 590 2924 A.

153 2938 165 2959 ²
191 2937 369 2972 cherubin
396 2949 401 2971 ;
422 2938 463 2971 Α.

1674 148 1753 192 Ῑ59

948 227 1027 267 viri
1051 226 1249 267 nonnulli
1280 227 1496 268 sacrarum
1527 227 1750 271 literarum

949 285 1230 332 eruditissimi,
1254 283 1434 325 aucfftore
1458 286 1657 336 Daniele,
1676 288 1750 340 qui

949 341 1215 382 Michaelern
1253 356 1390 382 vnum
1428 343 1511 382 esse
1547 344 1653 384 dicit
1695 345 1751 385 de

947 400 1099 451 primis
1115 399 1396 452 principibus.
1428 400 1658 441 Michaelis
1673 402 1752 455 igi-

948 463 1018 497 tur
1040 457 1206 505 festum,
1229 457 1348 510 quod
1371 457 1502 497 hodie
1524 459 1654 499 tertio
1683 473 1753 499 ca-

947 512 1752 564 lendasO&obrisceleb1·atur,nomen

950 573 1120 625 accepit
1162 586 1188 612 a
1229 572 1508 613 dedicatione
1555 573 1753 622 basilicae,

948 644 1047 682 quae
1085 630 1159 682 ipsi
1197 630 1279 670 suit
1311 630 1517 670 dedicata
1549 631 1591 671 in
1625 638 1752 672 antro

948 689 1004 727 ad
1067 701 1278 727 cacumen
1342 687 1537 740 Gargani
1590 690 1752 729 montis

948 745 1142 797 Apuliae,
1166 746 1241 798 qui
1271 747 1486 798 procurrit
1509 746 1551 786 in
1575 747 1754 787 adriati-

949 816 1048 843 cum
1072 816 1203 842 mare.
1256 802 1358 855 Quo
1384 803 1427 842 in
1451 803 1549 844 loco
1574 810 1754 857 propter

949 860 1092 900 multa
1118 866 1161 900 et
1188 874 1352 913 magna
1378 861 1513 901 aedita
1542 862 1753 902 miracula

948 931 1048 958 curn
1100 918 1157 958 ab
1199 918 1296 970 alijs
1338 918 1513 971 populis
1556 919 1754 973 religiose

949 975 1108 1016 colitur
1131 975 1336 1025 Michael,
1358 982 1453 1016 tum
1479 977 1676 1017 maxime
1698 978 1755 1018 ab

949 1033 1110 1073 accolis
1144 1033 1402 1086 Sipontinis‚
1430 1034 1505 1086 qui
1538 1034 1579 1075 se
1605 1041 1754 1088 patro-

949 1091 1065 1131 cinio
1088 1091 1180 1131 eius
1203 1091 1317 1144 saepe
1343 1092 1518 1132 adiutos
1545 1092 1628 1133 esse
1653 1107 1753 1147 pro-

951 1148 1142 1189 fitentur.

951 1250 994 1295 (1
1011 1247 1304 1299 Hieronymus
1314 1248 1530 1301 presbiter
1546 1250 1752 1302 confessor.

1027 1305 1181 1359 duplex
1200 1306 1356 1346 min-ns.
1415 1306 1561 1347 Lfflio
1582 1307 1676 1361 ‚22'j³.

959 1380 1320 1461 HIeronymus
1353 1381 1641 1422 Constantino
1674 1382 1753 1423 im-

1085 1444 1285 1490 peratore
1317 1451 1433 1478 anno
1466 1439 1522 1479 ab
1554 1440 1659 1480 orbe
1690 1455 1755 1480 re-

951 1495 1134 1548 dempto
1153 1496 1382 1548 cccxxxj.
1398 1497 1440 1536 in
1460 1497 1625 1550 oppido
1646 1498 1754 1539 Stri-

951 1554 1067 1594 done
1086 1552 1223 1606 (quod
1243 1553 1302 1593 est
1320 1554 1363 1593 in
1383 1555 1622 1594 Pannoniae
1646 1555 1752 1596 Dal-

952 1611 1189 1663 matiaeque
1239 1610 1446 1664 confinio)
1501 1612 1753 1654 Christianis

949 1669 1207 1721 parentibus
1230 1675 1361 1718 ortus,
1379 1683 1487 1722 puer
1509 1670 1752 1712 admodum

953 1727 1145 1766 Romam
1198 1726 1344 1766 missus
1394 1727 1453 1767 est
1499 1727 1751 1769 liberalibus

951 1783 1103 1836 studijs
1135 1784 1412 1825 erudiendus.
1472 1785 1560 1825 Vbi
1586 1785 1753 1827 donato

952 1842 995 1881 in
1043 1842 1345 1894 grammaticis
1387 1848 1669 1895 praeceptore,
1711 1851 1754 1885 et

950 1899 1016 1952 (vt
1043 1899 1226 1952 quidam
1254 1899 1429 1952 volunt)
1451 1899 1681 1941 Vicfftorino
1708 1903 1752 1942 in

951 1956 1177 1997 rhetoricis
1196 1956 1292 1996 Vsus
1316 1973 1323 1997 ε
1344 1971 1509 2009 graecas
1527 1972 1577 1998 ac
1595 1958 1753 2000 latinas

952 2014 1120 2054 litteras
1149 2014 1385 2054 felicissirne
1408 2015 1573 2056 didicit.
1637 2016 1751 2058 Cum

951 2078 1100 2112 autem
1133 2077 1265 2111 aetate
1297 2073 1555 2125 processisset
1587 2073 1754 2115 Aristo-

952 2129 1141 2177 telicam,
1174 2129 1456 2181 platonicam,
1490 2130 1668 2172 stoicam
1701 2146 1753 2173 ac

951 2193 1208 2226 caeterorum
1224 2188 1420 2227 omnium
1430 2187 1752 2241 philosophiam

950 2244 1110 2297 attigit.
1163 2243 1353 2284 Galliam
1377 2245 1536 2285 deinde
1558 2247 1751 2288 discendi

951 2299 1162 2354 gratiam4
1183 2302 1472 2354 perlustrauit.
1507 2304 1639 2344 Vnde
1663 2304 1754 2344 Ro-

953 2372 1070 2399 mam
1100 2359 1292 2399 reuersus
1320 2359 1392 2408 est,
1415 2367 1548 2413 atque
1576 2362 1678 2402 inde
1706 2362 1750 2402 in

954 2416 1131 2469 Syriam
1166 2414 1398 2470 profecftus.
1462 2418 1562 2470 Qua
1598 2419 1752 2459 itidem

954 2487 1115 2526 magna
1146 2488 1204 2514 ex
1236 2479 1362 2527 parte
1393 2475 1585 2516 discendi
1612 2476 1753 2517 studio

952 2538 1184 2584 peragrata
1235 2533 1277 2571 in
1329 2532 1494 2572 vastam
1546 2547 1755 2584 eremum,

953 2603 1052 2641 quae
1090 2589 1226 2642 Syros
1263 2589 1318 2629 ab
1355 2590 1575 2642 Agarenis
1606 2592 1754 2632 dister-

954 2647 1104 2695 minat,
1155 2646 1324 2688 seccssit.
1406 2648 1494 2688 Vbi
1545 2655 1756 2702 quattuor

954 2717 1092 2743 annos
1135 2704 1190 2744 ab
1231 2704 1459 2744 hominum
1510 2705 1754 2759 frequentia

955 2761 1158 2810 semotus,
1181 2775 1281 2802 cum
1314 2762 1403 2803 solo
1433 2763 1517 2803 dco
1550 2763 1754 2818 librisque

1024 2892 1037 2912 ³
1063 2892 1123 2926 die
1144 2903 1188 2935 30
1205 2894 1245 2927 in
1265 2905 1309 2927 m.

1023 2938 1037 2959 4
1063 2941 1182 2983 gratia
1202 2953 1208 2975 ;
1231 2942 1272 2974 R.
1292 2942 1327 2975 P.
1344 2941 1386 2974 A.
