1981 3248
551 144 805 176 DOMJNJCA
840 145 998 176 PRIlllA
1031 145 1321 178 ADUENTUS.
1720 141 1772 182 23

604 227 648 262 te
689 221 903 262 liberante

651 279 705 320 R.
741 279 902 319 Amen.

103 227 360 275 protegente
402 221 509 274 eripi
554 235 563 262 ε

103 279 256 319 saluari
290 295 298 320 :
335 279 422 332 Qui
454 277 595 320 viuis¹.

102 337 269 377 Deinde
276 336 401 390 fimet
416 336 828 377 covzvzenwrationes
836 336 903 388 se-

101 401 272 446 quentes
304 394 424 434 modo
461 393 764 447 infrascriplffl.
836 394 904 434 De

103 451 222 492 beata
262 452 441 504 virgine.
504 451 597 493 Sub
634 458 759 492 tuum
793 465 902 505 prae-

102 509 256 549 fidium
308 510 587 562 confugimus
638 508 786 550 san&a
832 509 902 550 dei

101 567 295 619 genitrix
330 583 338 607 ε
373 567 538 607 nostras
570 567 902 619 deprecationes

103 638 158 664 ne
175 625 385 677 despicias
404 625 446 664 in
465 625 786 665 necessitatibus
801 638 809 665 :
824 625 901 664 sed

103 680 129 721 a
170 682 371 735 periculis
420 680 585 722 cunctis
637 682 772 722 libera
823 695 902 722 nos

103 739 272 792 semper
303 740 426 793 virgo
459 739 657 793 gloriosa,
691 746 735 780 et
771 740 903 780 bene-

103 795 236 838 dicta.
300 797 346 839 V.
390 797 480 838 Ora
502 811 581 850 pro
605 797 731 838 nobis
755 796 903 838 sancta

103 855 174 894 dei
205 855 409 908 genitriX.
470 856 524 896 R.
573 855 635 896 Vt
661 855 782 907 digni
813 854 902 895 effi-

102 913 269 953 ciamur
289 913 638 966 promisslonibus
660 912 814 953 christi.

103 970 302 1011 Oremus.
367 970 529 1012 Oratio.

179 1043 360 1085 Oncede
410 1057 491 1084 nos
546 1043 735 1084 famulos
790 1052 903 1095 tuos,

203 1102 450 1154 quaesumus
473 1102 652 1142 domine
669 1102 788 1151 deus,
807 1116 902 1155 per-

102 1165 237 1211 petua
259 1161 418 1200 mentis
441 1166 485 1200 et
507 1160 700 1212 corporis
718 1160 902 1200 sanitate

101 1217 305 1268 gaudere,
319 1224 361 1257 et
379 1218 564 1270 gloriosa
586 1218 729 1257 beatae
752 1218 901 1257 mariae

103 1274 271 1327 semper
310 1275 489 1328 virginis
535 1275 832 1315 intercessione
876 1274 902 1315 a

102 1332 302 1384 praesenti
324 1333 496 1373 liberari
514 1332 696 1383 tristitia,
712 1339 755 1372 et
777 1339 901 1372 aeter-

103 1403 160 1429 na
186 1390 347 1442 perfrui
374 1391 526 1430 laetitia
558 1406 565 1431 :
593 1404 670 1442 per
695 1390 899 1430 christum

102 1446 364 1488 dominum?
406 1449 460 1488 R.
497 1447 657 1487 Amen.
699 1448 766 1487 De
805 1456 900 1500 apo-

91 1504 225 1557 stolis,
247 1512 288 1545 et
306 1505 500 1546 omnibns
509 1505 688 1558 fandis.
747 1505 899 1546 Sancti

102 1563 172 1602 dei
194 1576 347 1603 omnes
370 1563 638 1603 intercedere
657 1563 899 1616 dignemini

102 1633 180 1672 pro
226 1620 368 1660 nostra
416 1621 702 1673 omniumque
752 1621 898 1662 salute.

113 1677 157 1718 V.
209 1678 445 1718 Laetamini
467 1679 510 1718 in
534 1678 726 1726 domino,
749 1684 793 1718 et
819 1693 899 1718 ex-

99 1734 237 1775 ultate
253 1736 360 1776 iusti.
396 1736 449 1777 R.
470 1737 529 1776 Et
544 1736 791 1789 gloriamini
807 1750 899 1776 om-

100 1806 176 1833 nes
192 1791 295 1833 recffl
309 1794 449 1834 corde.
495 1794 695 1835 Oremus.
737 1794 899 1835 Oratio.

192 1867 341 1907 Xaudi
400 1881 479 1908 nos
537 1868 645 1907 deus
704 1867 900 1908 salutariS

218 1925 361 1965 noster
385 1939 393 1966 :
415 1932 459 1966 et
481 1925 774 1978 apostolorum
805 1932 901 1966 tuo-

100 1996 195 2022 rum
231 1983 354 2035 petri,
389 1989 432 2023 et
468 1983 598 2035 pauli,
633 1989 677 2023 et
714 1983 898 2023 aliorum

100 2040 392 2092 apostolorum
417 2054 495 2080 nos
516 2047 638 2081 tuere
661 2041 869 2094 praefidijs
892 2055 900 2082 :

100 2111 285 2149 quorum
309 2098 477 2139 donasti
505 2098 656 2138 fideles
684 2099 767 2139 esse
796 2100 899 2139 doc-

101 2163 235 2196 trlnis.

104 2233 322 2316 OMnes
364 2233 498 2275 saneti
540 2235 615 2282 tui,
651 2234 900 2287 quaesumus

222 2292 411 2341 domine,
453 2305 532 2332 nos
574 2292 736 2344 vbique
777 2293 900 2332 adiu-

100 2354 206 2389 uent
235 2365 242 2389 :
271 2355 317 2389 vt
347 2350 452 2389 dum
485 2363 634 2389 eorum
659 2350 814 2390 merita
838 2364 900 2390 re-

100 2406 283 2446 colimus
317 2422 323 2446 :
356 2408 599 2460 patrocinia
622 2407 859 2447 sentiamus
891 2423 898 2448 :

101 2471 144 2503 ct
177 2478 330 2516 pacem
362 2471 485 2505 tuam
519 2464 672 2505 nostris
707 2466 900 2505 concede

100 2523 371 2574 temporibus
408 2536 416 2562 :
450 2529 494 2562 et
528 2523 584 2562 ab
618 2522 793 2562 ecclessa
825 2528 901 2562 tua

99 2577 302 2619 cunctam
326 2579 486 2633 repelle
505 2580 747 2633 nequitiam
773 2596 780 2620 :
806 2580 898 2629 iter,

171 2703 183 2724 1
209 2709 243 2737 ct
269 2715 402 2747 regnas
425 2715 509 2738 cum
536 2705 604 2739 deo
631 2711 735 2749 patre
763 2705 799 2738 in
822 2705 898 2739 vni-

101 2756 175 2783 tate
210 2750 354 2794 spiritus
383 2750 497 2785 sancti
535 2753 638 2785 Deus
674 2763 739 2796 per
772 2754 899 2786 omnia

101 2797 219 2831 secula
238 2797 441 2831 seculorum
465 2810 471 2832 :
494 2799 535 2832 R.
558 2800 595 2832 P.
615 2800 659 2833 A.

170 2843 182 2864 ²
209 2843 302 2877 infra
321 2843 421 2878 (11610
447 2857 453 2878 2
472 2846 515 2878 A.

171 2890 184 2910 ³
210 2892 369 2924 nostrum
393 2903 399 2925 :
420 2892 503 2924 add.
526 2893 567 2925 R.
591 2894 628 2926 P.
651 2893 691 2925 A.

172 2936 182 2956 '²
212 2938 394 2971 Christum
431 2939 567 2973 Filium
609 2948 712 2973 tuum
748 2940 808 2984 qui
848 2946 897 2974 tc-

970 219 1106 270 aecus,
1144 228 1188 262 et
1223 222 1475 262 voluntates
1516 222 1694 272 nostras,
1730 228 1774 263 et

970 279 1169 319 omnium
1207 279 1472 319 famulorum
1509 286 1685 320 tuorum
1728 281 1772 320 in

972 335 1120 376 salutis
1142 342 1230 376 tuae
1254 337 1539 389 prosperitate
1560 337 1741 390 dispone
1764 352 1772 377 :

971 392 1323 434 benefactoribus
1343 394 1495 434 nostris
1510 394 1772 447 sempiterna

970 450 1087 491 bona
1109 451 1300 492 retribue
1330 467 1337 491 :
1367 458 1410 492 et
1436 453 1642 493 omnibus
1666 452 1772 493 fide-

970 508 1082 548 libus
1105 507 1323 549 defunctis
1346 511 1541 562 requiem
1560 516 1770 550 aeternam

971 567 1173 607 concede.
1223 567 1305 607 Per
1326 568 1556 607 dominum
1579 567 1771 607 nostrum

969 622 1137 665 iesum4.
1210 624 1266 664 R.
1317 624 1479 666 Amen.
1546 625 1776 666 Praedffloe

968 682 1379 722 conznzevzoratimzes
1408 682 1614 736 praediave
1650 682 1772 722 modo

968 739 1174 779 dicuntur
1190 740 1253 780 ad
1269 740 1417 780 landes
1435 746 1477 781 et
1500 740 1563 780 ad
1583 740 1773 793 vesperas

960 796 1057 850 post
1072 797 1305 838 orationem
1327 798 1415 838 diez·
1432 805 1516 850 per
1538 804 1671 838 totum
1693 812 1772 837 an-

970 868 1073 894 num
1093 862 1409 907 :praeterquam
1433 855 1477 896 in
1489 855 1617 909 festis
1632 855 1772 908 dupli-

967 911 1084 952 cibus
1105 912 1351 959 maioribus,
1372 920 1413 954 et
1433 913 1477 953 2⁶72
1501 913 1646 954 triduo
1673 919 1772 953 ante

958 969 1129 1022 pascha.
1209 970 1265 1010 In
1304 971 1502 1023 sabbatis
1540 978 1682 1012 antem
1725 971 1771 1011 in

967 1027 1120 1079 quibus
1139 1028 1292 1081 agitur
1308 1028 1358 1068 de
1380 1028 1499 1069 beata
1525 1028 1696 1081 virgine
1709 1029 1774 1082 fit

969 1091 1139 1125 tantum
1154 1086 1491 1127 commemoratio
1505 1087 1554 1126 de
1569 1086 1771 1140 apostolas}

969 1149 1010 1182 el
1021 1143 1387 1195 0772722'b2t5sa720‘32's
1395 1144 1592 1185 videlicet.
1618 1143 1770 1186 Sancti

966 1201 1037 1240 dei
1097 1200 1285 1242 omnes⁵.
1375 1202 1542 1242 Deinde
1600 1203 1769 1243 dicitur.

981 1258 1025 1298 V.
1047 1259 1367 1299 Benedicamus
1382 1261 1574 1301 domino.
1597 1261 1652 1301 R.
1671 1260 1770 1300 Deo

968 1317 1144 1368 gratias.
1202 1316 1247 1357 V.
1282 1317 1498 1357 Fidelium
1517 1318 1676 1358 animae
1693 1331 1772 1371 per

969 1374 1307 1414 misericordiam
1334 1376 1405 1415 dei
1433 1376 1704 1428 requiescant
1726 1376 1770 1415 in

968 1445 1087 1484 pace.
1149 1432 1205 1474 R.
1264 1432 1425 1473 Amen.
1490 1433 1557 1473 Et
1582 1433 1650 1486 stc
1688 1439 1768 1474 ter-

968 1489 1208 1529 7lzz'lle7zt2tr3
1229 1503 1369 1530 omnes
1389 1490 1510 1532 lame.

1123 1581 1166 1625 ΕῙ
1191 1578 1489 1632 Adprimam.
1564 1579 1610 1621 V.

977 1658 1155 1739 DEus
1200 1660 1243 1699 in
1288 1659 1555 1701 adiutorium
1600 1660 1770 1702 meum⁷

1089 1723 1157 1757 etc.

1220 1763 1436 1814 Hymnus.

976 1831 1112 1913 IAm
1155 1831 1263 1871 lucis
1298 1838 1395 1872 orto
1432 1831 1584 1884 sydere
1622 1833 1769 1874 Deum

1050 1903 1278 1942 precemur
1304 1890 1536 1942 suppliceS,
1557 1897 1603 1931 vt
1633 1891 1675 1930 in
1706 1892 1769 1931 di-

967 1948 1084 1987 urnis
1108 1946 1277 1988 actibus
1301 1962 1381 1988 nos
1402 1947 1540 1989 seruet
1562 1947 1588 1989 a
1610 1962 1769 1989 nocen-

968 2005 1098 2045 tibus.

1027 2063 1246 2115 Linguam
1271 2062 1493 2103 refrenans
1516 2069 1732 2116 temperet
1758 2080 1766 2104 :

968 2134 1023 2160 ne
1070 2121 1156 2160 litis
1197 2121 1350 2160 horror
1391 2121 1569 2161 insonet.
1630 2121 1767 2162 visum

968 2177 1159 2218 fouendo
1189 2184 1397 2231 contegat
1429 2192 1439 2219 ε
1473 2192 1527 2219 116
1548 2180 1768 2220 vanitates

968 2235 1151 2276 hauriat.

1029 2293 1129 2335 Sint
1152 2306 1260 2345 pura
1289 2293 1432 2333 cordis
1459 2293 1617 2333 intima
1650 2309 1658 2334 :
1692 2294 1768 2334 ab·

969 2350 1082 2391 sistat
1118 2357 1162 2390 et
1195 2351 1410 2391 vecordia.
1472 2352 1614 2390 carnis
1655 2357 1769 2392 terat

968 2408 1212 2460 superbiam
1262 2414 1404 2461 potuS‚
1446 2409 1620 2461 cibique
1669 2423 1769 2462 par-

967 2466 1088 2506 citas,

1025 2523 1086 2563 Vt
1108 2536 1208 2562 cum
1232 2523 1324 2563 dies
1354 2522 1597 2563 abscesserit
1629 2539 1636 2564 :
1666 2537 1769 2564 noc—

967 2587 1146 2633 temque
1184 2581 1270 2620 sors
1308 2582 1533 2621 reduxerit
1571 2598 1578 2622 :
1615 2583 1768 2622 mundi

971 2716 1056 2738 cum
1083 2704 1173 2738 viuit
1200 2711 1235 2738 et
1265 2710 1393 2748 regnat
1422 2704 1458 2738 in
1485 2705 1626 2740 vnitate
1655 2706 1768 2750 Spiri-

970 2758 1028 2785 tus
1060 2750 1179 2784 53116ὶί
1218 2753 1332 2784 Deus.
1386 2753 1454 2785 Per
1487 2753 1612 2786 omnia
1648 2753 1768 2787 secula

969 2799 1195 2832 seculorum:
1225 2800 1266 2831 R.
1291 2800 1327 2831 1).
1348 2799 1391 2832 A.

1038 2845 1051 2865 ‘³
1077 2852 1145 2879 etc.
1175 2845 1341 2889 vlslzpm
1366 2857 1371 2878 :
1391 2845 1474 2878 add.
1498 2846 1538 2878 R.
1560 2847 1596 2879 l'.
1612 2847 1654 2879 A.

1038 2892 1051 2912 ὓ
1077 2892 1323 2925 terminantur
1348 2904 1354 2925 ε
1376 2893 1416 2924 R.
1441 2893 1476 2924 l'.
1497 2894 1539 2926 A.

1038 2939 1049 2960 ⁷
1078 2939 1251 2972 intende:
1273 2939 1355 2972 ιῑιίιί.
1380 2940 1416 2972 l'.
1443 2940 1484 2972 A.
