<?xml version="1.0" encoding="UTF-8"?>
<!DOCTYPE html PUBLIC "-//W3C//DTD XHTML 1.0 Transitional//EN"
    "http://www.w3.org/TR/xhtml1/DTD/xhtml1-transitional.dtd">
<html xmlns="http://www.w3.org/1999/xhtml" xml:lang="en" lang="en">
 <head>
  <title>
</title>
<meta http-equiv="Content-Type" content="text/html;charset=utf-8" />
  <meta name='ocr-system' content='tesseract 3.04.00' />
  <meta name='ocr-capabilities' content='ocr_page ocr_carea ocr_par ocr_line ocrx_word'/>
</head>
<body>
  <div class='ocr_page' id='page_1' title='image "./breviariumromanu00cath/breviariumromanu00cath_0250.png"; bbox 0 0 1981 3248; ppageno 0'>
   <div class='ocr_carea' id='block_1_1' title="bbox 248 145 331 187">
    <p class='ocr_par' dir='ltr' id='par_1_1' title="bbox 248 145 331 187">
     <span class='ocr_line' id='line_1_1' title="bbox 248 145 331 187; baseline 0.012 -14"><span class='ocrx_word' id='word_1_1' title='bbox 248 145 331 187; x_wconf 81' lang='lat'>190</span> 
     </span>
    </p>
   </div>
   <div class='ocr_carea' id='block_1_2' title="bbox 242 222 1050 1249">
    <p class='ocr_par' dir='ltr' id='par_1_2' title="bbox 242 222 1050 1249">
     <span class='ocr_line' id='line_1_2' title="bbox 244 222 1050 276; baseline -0.002 -12"><span class='ocrx_word' id='word_1_2' title='bbox 244 224 365 264; x_wconf 91' lang='lat' dir='ltr'>tione</span> <span class='ocrx_word' id='word_1_3' title='bbox 391 237 399 264; x_wconf 79' lang='lat' dir='ltr'><strong><em>z</em></strong></span> <span class='ocrx_word' id='word_1_4' title='bbox 423 236 636 276; x_wconf 85' lang='lat' dir='ltr'>magnum</span> <span class='ocrx_word' id='word_1_5' title='bbox 663 223 831 275; x_wconf 89' lang='lat' dir='ltr'>signum</span> <span class='ocrx_word' id='word_1_6' title='bbox 857 236 865 263; x_wconf 89' lang='lat'>:</span> <span class='ocrx_word' id='word_1_7' title='bbox 892 222 1050 262; x_wconf 91' lang='lat' dir='ltr'>mulier</span> 
     </span>
     <span class='ocr_line' id='line_1_3' title="bbox 245 279 1047 322; baseline -0.001 -1"><span class='ocrx_word' id='word_1_8' title='bbox 245 281 378 322; x_wconf 84' lang='lat' dir='ltr'>illaesa</span> <span class='ocrx_word' id='word_1_9' title='bbox 401 295 586 322; x_wconf 90' lang='lat' dir='ltr'>manens</span> <span class='ocrx_word' id='word_1_10' title='bbox 608 279 771 321; x_wconf 70' lang='grc'><strong>31111613</strong></span> <span class='ocrx_word' id='word_1_11' title='bbox 794 280 890 321; x_wconf 83' lang='grc'><strong>1016.</strong></span> <span class='ocrx_word' id='word_1_12' title='bbox 944 281 1047 320; x_wconf 90' lang='grc' dir='ltr'>Νο11</span> 
     </span>
     <span class='ocr_line' id='line_1_4' title="bbox 245 339 1048 392; baseline -0.001 -13"><span class='ocrx_word' id='word_1_13' title='bbox 245 339 304 379; x_wconf 90' lang='lat' dir='ltr'>est</span> <span class='ocrx_word' id='word_1_14' title='bbox 331 340 424 380; x_wconf 91' lang='lat' dir='ltr'>rubi</span> <span class='ocrx_word' id='word_1_15' title='bbox 449 345 605 380; x_wconf 87' lang='lat' dir='ltr'>natura</span> <span class='ocrx_word' id='word_1_16' title='bbox 628 345 831 392; x_wconf 89' lang='lat' dir='ltr'>opertum</span> <span class='ocrx_word' id='word_1_17' title='bbox 853 339 1048 391; x_wconf 81' lang='lat' dir='ltr'>vndique</span> 
     </span>
     <span class='ocr_line' id='line_1_5' title="bbox 244 397 1048 445; baseline -0.001 -8"><span class='ocrx_word' id='word_1_18' title='bbox 244 397 446 445; x_wconf 87' lang='lat' dir='ltr'>fiammis,</span> <span class='ocrx_word' id='word_1_19' title='bbox 472 411 648 437; x_wconf 89' lang='lat' dir='ltr'>manere</span> <span class='ocrx_word' id='word_1_20' title='bbox 671 397 956 437; x_wconf 81' lang='lat' dir='ltr'>nihilominus</span> <span class='ocrx_word' id='word_1_21' title='bbox 984 397 1048 436; x_wconf 88' lang='lat' dir='ltr'>in-</span> 
     </span>
     <span class='ocr_line' id='line_1_6' title="bbox 244 454 1047 507; baseline 0 -12"><span class='ocrx_word' id='word_1_22' title='bbox 244 455 521 496; x_wconf 83' lang='lat' dir='ltr'>combustum</span> <span class='ocrx_word' id='word_1_23' title='bbox 559 470 567 495; x_wconf 89' lang='lat'>:</span> <span class='ocrx_word' id='word_1_24' title='bbox 609 468 696 495; x_wconf 91' lang='lat' dir='ltr'>non</span> <span class='ocrx_word' id='word_1_25' title='bbox 740 454 933 495; x_wconf 90' lang='lat' dir='ltr'>mulieris</span> <span class='ocrx_word' id='word_1_26' title='bbox 970 469 1047 507; x_wconf 93' lang='lat' dir='ltr'>po-</span> 
     </span>
     <span class='ocr_line' id='line_1_7' title="bbox 244 511 1045 554; baseline -0.001 -1"><span class='ocrx_word' id='word_1_27' title='bbox 244 514 384 554; x_wconf 91' lang='lat' dir='ltr'>tentia</span> <span class='ocrx_word' id='word_1_28' title='bbox 406 520 452 554; x_wconf 90' lang='lat' dir='ltr'>vt</span> <span class='ocrx_word' id='word_1_29' title='bbox 474 513 678 553; x_wconf 87' lang='lat' dir='ltr'>sustineat</span> <span class='ocrx_word' id='word_1_30' title='bbox 702 513 798 553; x_wconf 91' lang='lat' dir='ltr'>solis</span> <span class='ocrx_word' id='word_1_31' title='bbox 821 511 1045 553; x_wconf 75' lang='grc' dir='ltr'><strong>3111ἰᾶ11111.</strong></span> 
     </span>
     <span class='ocr_line' id='line_1_8' title="bbox 245 570 1044 611; baseline -0.001 0"><span class='ocrx_word' id='word_1_32' title='bbox 245 571 348 611; x_wconf 89' lang='lat' dir='ltr'>Non</span> <span class='ocrx_word' id='word_1_33' title='bbox 381 570 441 611; x_wconf 90' lang='lat' dir='ltr'>est</span> <span class='ocrx_word' id='word_1_34' title='bbox 478 571 653 611; x_wconf 87' lang='lat' dir='ltr'>virtutis</span> <span class='ocrx_word' id='word_1_35' title='bbox 688 570 897 610; x_wconf 88' lang='lat' dir='ltr'>humanae</span> <span class='ocrx_word' id='word_1_36' title='bbox 933 587 941 611; x_wconf 90' lang='lat'>:</span> <span class='ocrx_word' id='word_1_37' title='bbox 973 570 1044 611; x_wconf 92' lang='lat' dir='ltr'>sed</span> 
     </span>
     <span class='ocr_line' id='line_1_9' title="bbox 244 628 1048 682; baseline -0.001 -13"><span class='ocrx_word' id='word_1_38' title='bbox 244 643 324 669; x_wconf 92' lang='lat' dir='ltr'>nec</span> <span class='ocrx_word' id='word_1_39' title='bbox 347 629 559 682; x_wconf 85' lang='lat' dir='ltr'>angelicae</span> <span class='ocrx_word' id='word_1_40' title='bbox 582 629 761 681; x_wconf 85' lang='lat' dir='ltr'>quidem</span> <span class='ocrx_word' id='word_1_41' title='bbox 790 645 797 669; x_wconf 91' lang='lat'><strong>:</strong></span> <span class='ocrx_word' id='word_1_42' title='bbox 824 628 1048 669; x_wconf 85' lang='lat' dir='ltr'>sublimior</span> 
     </span>
     <span class='ocr_line' id='line_1_10' title="bbox 244 686 1047 740; baseline 0 -14"><span class='ocrx_word' id='word_1_43' title='bbox 244 688 451 739; x_wconf 82' lang='lat' dir='ltr'>quaedam</span> <span class='ocrx_word' id='word_1_44' title='bbox 475 687 710 727; x_wconf 88' lang='lat' dir='ltr'>necessaria</span> <span class='ocrx_word' id='word_1_45' title='bbox 732 686 803 727; x_wconf 87' lang='lat' dir='ltr'>est.</span> <span class='ocrx_word' id='word_1_46' title='bbox 856 686 1047 740; x_wconf 82' lang='lat' dir='ltr'>Spiritus</span> 
     </span>
     <span class='ocr_line' id='line_1_11' title="bbox 245 743 1046 798; baseline 0 -13"><span class='ocrx_word' id='word_1_47' title='bbox 245 743 417 785; x_wconf 58' lang='lat' dir='ltr'>sanfihis</span> <span class='ocrx_word' id='word_1_48' title='bbox 461 744 640 798; x_wconf 82' lang='lat' dir='ltr'>(inquit)</span> <span class='ocrx_word' id='word_1_49' title='bbox 684 744 960 797; x_wconf 84' lang='lat' dir='ltr'>superueniet</span> <span class='ocrx_word' id='word_1_50' title='bbox 1002 745 1046 785; x_wconf 89' lang='lat' dir='ltr'>in</span> 
     </span>
     <span class='ocr_line' id='line_1_12' title="bbox 243 802 1045 855; baseline -0.001 -12"><span class='ocrx_word' id='word_1_51' title='bbox 243 809 297 843; x_wconf 93' lang='lat' dir='ltr'>te.</span> <span class='ocrx_word' id='word_1_52' title='bbox 356 804 415 843; x_wconf 86' lang='lat' dir='ltr'>Et</span> <span class='ocrx_word' id='word_1_53' title='bbox 438 810 651 855; x_wconf 82' lang='lat' dir='ltr'>tanquam</span> <span class='ocrx_word' id='word_1_54' title='bbox 676 802 937 855; x_wconf 77' lang='lat' dir='ltr'>respondeat</span> <span class='ocrx_word' id='word_1_55' title='bbox 960 802 1045 851; x_wconf 90' lang='lat' dir='ltr'>illa,</span> 
     </span>
     <span class='ocr_line' id='line_1_13' title="bbox 245 860 1045 914; baseline 0.001 -14"><span class='ocrx_word' id='word_1_56' title='bbox 245 860 470 914; x_wconf 76' lang='lat' dir='ltr'>Quoniam</span> <span class='ocrx_word' id='word_1_57' title='bbox 508 861 683 914; x_wconf 91' lang='lat' dir='ltr'>spiritus</span> <span class='ocrx_word' id='word_1_58' title='bbox 721 860 781 900; x_wconf 87' lang='lat' dir='ltr'>est</span> <span class='ocrx_word' id='word_1_59' title='bbox 818 861 927 901; x_wconf 88' lang='lat' dir='ltr'>deus</span> <span class='ocrx_word' id='word_1_60' title='bbox 961 876 968 901; x_wconf 91' lang='lat'>:</span> <span class='ocrx_word' id='word_1_61' title='bbox 1001 867 1045 901; x_wconf 86' lang='lat' dir='ltr'>et</span> 
     </span>
     <span class='ocr_line' id='line_1_14' title="bbox 243 918 1044 972; baseline 0.001 -13"><span class='ocrx_word' id='word_1_62' title='bbox 243 920 352 959; x_wconf 90' lang='lat' dir='ltr'>deus</span> <span class='ocrx_word' id='word_1_63' title='bbox 383 918 525 959; x_wconf 88' lang='lat' dir='ltr'>noster</span> <span class='ocrx_word' id='word_1_64' title='bbox 555 919 667 972; x_wconf 89' lang='lat' dir='ltr'>ignis</span> <span class='ocrx_word' id='word_1_65' title='bbox 691 918 950 959; x_wconf 88' lang='lat' dir='ltr'>consumens</span> <span class='ocrx_word' id='word_1_66' title='bbox 974 919 1044 960; x_wconf 87' lang='lat' dir='ltr'>est.</span> 
     </span>
     <span class='ocr_line' id='line_1_15' title="bbox 242 975 1044 1030; baseline 0.001 -13"><span class='ocrx_word' id='word_1_67' title='bbox 242 977 394 1017; x_wconf 81' lang='lat' dir='ltr'>Virtus</span> <span class='ocrx_word' id='word_1_68' title='bbox 421 975 535 1030; x_wconf 90' lang='lat' dir='ltr'>(ait¹)</span> <span class='ocrx_word' id='word_1_69' title='bbox 561 990 649 1017; x_wconf 90' lang='lat' dir='ltr'>non</span> <span class='ocrx_word' id='word_1_70' title='bbox 681 990 791 1025; x_wconf 86' lang='lat' dir='ltr'>mea,</span> <span class='ocrx_word' id='word_1_71' title='bbox 814 990 901 1016; x_wconf 91' lang='lat' dir='ltr'>non</span> <span class='ocrx_word' id='word_1_72' title='bbox 932 983 1008 1017; x_wconf 91' lang='lat' dir='ltr'>tua</span> <span class='ocrx_word' id='word_1_73' title='bbox 1037 991 1044 1018; x_wconf 89' lang='lat'>:</span> 
     </span>
     <span class='ocr_line' id='line_1_16' title="bbox 243 1034 1044 1076; baseline 0 -1"><span class='ocrx_word' id='word_1_74' title='bbox 243 1035 315 1075; x_wconf 89' lang='lat' dir='ltr'>sed</span> <span class='ocrx_word' id='word_1_75' title='bbox 371 1034 557 1075; x_wconf 88' lang='lat' dir='ltr'>altissimi</span> <span class='ocrx_word' id='word_1_76' title='bbox 615 1035 898 1075; x_wconf 78' lang='lat' dir='ltr'>obumbrabit</span> <span class='ocrx_word' id='word_1_77' title='bbox 953 1036 1044 1076; x_wconf 89' lang='lat' dir='ltr'>tibi.</span> 
     </span>
     <span class='ocr_line' id='line_1_17' title="bbox 244 1092 1044 1146; baseline 0 -13"><span class='ocrx_word' id='word_1_78' title='bbox 244 1093 368 1133; x_wconf 92' lang='lat' dir='ltr'>Nihil</span> <span class='ocrx_word' id='word_1_79' title='bbox 406 1093 555 1146; x_wconf 84' lang='lat' dir='ltr'>itaque</span> <span class='ocrx_word' id='word_1_80' title='bbox 592 1093 752 1133; x_wconf 89' lang='lat' dir='ltr'>mirum</span> <span class='ocrx_word' id='word_1_81' title='bbox 789 1092 817 1132; x_wconf 88' lang='lat' dir='ltr'>si</span> <span class='ocrx_word' id='word_1_82' title='bbox 856 1093 930 1133; x_wconf 93' lang='lat' dir='ltr'>sub</span> <span class='ocrx_word' id='word_1_83' title='bbox 968 1094 1044 1133; x_wconf 89' lang='lat' dir='ltr'>tali</span> 
     </span>
     <span class='ocr_line' id='line_1_18' title="bbox 243 1150 1046 1200; baseline -0.001 -9"><span class='ocrx_word' id='word_1_84' title='bbox 243 1150 574 1200; x_wconf 81' lang='lat' dir='ltr'>obumbraculo,</span> <span class='ocrx_word' id='word_1_85' title='bbox 600 1150 700 1191; x_wconf 89' lang='lat' dir='ltr'>talis</span> <span class='ocrx_word' id='word_1_86' title='bbox 733 1151 867 1191; x_wconf 89' lang='lat' dir='ltr'>etiam</span> <span class='ocrx_word' id='word_1_87' title='bbox 898 1150 923 1191; x_wconf 76' lang='lat' dir='ltr'>a</span> <span class='ocrx_word' id='word_1_88' title='bbox 953 1165 1046 1191; x_wconf 91' lang='lat' dir='ltr'>mu-</span> 
     </span>
     <span class='ocr_line' id='line_1_19' title="bbox 242 1207 843 1249; baseline -0.002 0"><span class='ocrx_word' id='word_1_89' title='bbox 242 1209 346 1249; x_wconf 89' lang='lat' dir='ltr'>liere</span> <span class='ocrx_word' id='word_1_90' title='bbox 368 1209 624 1249; x_wconf 88' lang='lat' dir='ltr'>sustineatur</span> <span class='ocrx_word' id='word_1_91' title='bbox 645 1207 843 1249; x_wconf 70' lang='grc'><strong>3111161115.</strong></span> 
     </span>
    </p>
   </div>
   <div class='ocr_carea' id='block_1_3' title="bbox 243 1343 1052 1454">
    <p class='ocr_par' dir='ltr' id='par_1_3' title="bbox 243 1343 1052 1454">
     <span class='ocr_line' id='line_1_20' title="bbox 243 1343 1052 1396; baseline 0.001 -12"><span class='ocrx_word' id='word_1_92' title='bbox 243 1347 287 1391; x_wconf 68' lang='grc' dir='ltr'>ΕΙ</span> <span class='ocrx_word' id='word_1_93' title='bbox 311 1345 350 1384; x_wconf 81' lang='grc' dir='ltr'><em>Α</em></span> <span class='ocrx_word' id='word_1_94' title='bbox 371 1344 605 1385; x_wconf 66' lang='lat' dir='ltr'>rlatz&#39;nitate</span> <span class='ocrx_word' id='word_1_95' title='bbox 625 1343 817 1396; x_wconf 69' lang='lat' dir='ltr'>virginis</span> <span class='ocrx_word' id='word_1_96' title='bbox 843 1344 971 1396; x_wconf 77' lang='lat' dir='ltr'><em>vsque</em></span> <span class='ocrx_word' id='word_1_97' title='bbox 989 1344 1052 1385; x_wconf 82' lang='lat' dir='ltr'>ad</span> 
     </span>
     <span class='ocr_line' id='line_1_21' title="bbox 283 1402 1003 1454; baseline 0.001 -12"><span class='ocrx_word' id='word_1_98' title='bbox 283 1402 529 1443; x_wconf 67' lang='lat' dir='ltr'>aduentum.</span> <span class='ocrx_word' id='word_1_99' title='bbox 563 1416 613 1442; x_wconf 76' lang='lat' dir='ltr'>ex</span> <span class='ocrx_word' id='word_1_100' title='bbox 640 1402 779 1442; x_wconf 77' lang='lat' dir='ltr'>eodem</span> <span class='ocrx_word' id='word_1_101' title='bbox 799 1402 1003 1454; x_wconf 69' lang='lat' dir='ltr'>sermone.</span> 
     </span>
    </p>
   </div>
   <div class='ocr_carea' id='block_1_4' title="bbox 243 1477 1048 2865">
    <p class='ocr_par' dir='ltr' id='par_1_4' title="bbox 243 1477 1048 2865">
     <span class='ocr_line' id='line_1_22' title="bbox 364 1477 1046 1530; baseline 0.001 -12"><span class='ocrx_word' id='word_1_102' title='bbox 364 1479 430 1518; x_wconf 91' lang='lat' dir='ltr'>Ihi</span> <span class='ocrx_word' id='word_1_103' title='bbox 478 1478 578 1518; x_wconf 87' lang='lat' dir='ltr'>sane</span> <span class='ocrx_word' id='word_1_104' title='bbox 625 1477 849 1530; x_wconf 87' lang='lat' dir='ltr'>singularis</span> <span class='ocrx_word' id='word_1_105' title='bbox 897 1478 1046 1519; x_wconf 76' lang='lat' dir='ltr'>rutilat</span> 
     </span>
     <span class='ocr_line' id='line_1_23' title="bbox 253 1536 1045 1589; baseline -0.001 -12"><span class='ocrx_word' id='word_1_106' title='bbox 253 1539 274 1561; x_wconf 40' lang='grc' dir='ltr'><strong>Α</strong></span> <span class='ocrx_word' id='word_1_107' title='bbox 389 1536 534 1589; x_wconf 81' lang='lat' dir='ltr'>fulgor</span> <span class='ocrx_word' id='word_1_108' title='bbox 569 1550 577 1577; x_wconf 91' lang='lat'>:</span> <span class='ocrx_word' id='word_1_109' title='bbox 612 1537 754 1589; x_wconf 91' lang='lat' dir='ltr'>primo</span> <span class='ocrx_word' id='word_1_110' title='bbox 787 1536 966 1589; x_wconf 86' lang='lat' dir='ltr'>quidem</span> <span class='ocrx_word' id='word_1_111' title='bbox 1002 1537 1045 1576; x_wconf 92' lang='lat' dir='ltr'>in</span> 
     </span>
     <span class='ocr_line' id='line_1_24' title="bbox 244 1595 1045 1648; baseline -0.001 -13"><span class='ocrx_word' id='word_1_112' title='bbox 244 1596 399 1635; x_wconf 76' lang='lat' dir='ltr'>Mariae</span> <span class='ocrx_word' id='word_1_113' title='bbox 432 1596 716 1648; x_wconf 77' lang='lat' dir='ltr'>generatione</span> <span class='ocrx_word' id='word_1_114' title='bbox 743 1610 750 1634; x_wconf 92' lang='lat'>:</span> <span class='ocrx_word' id='word_1_115' title='bbox 781 1595 969 1635; x_wconf 91' lang='lat' dir='ltr'>secundo</span> <span class='ocrx_word' id='word_1_116' title='bbox 1002 1595 1045 1635; x_wconf 91' lang='lat' dir='ltr'>in</span> 
     </span>
     <span class='ocr_line' id='line_1_25' title="bbox 243 1652 1044 1707; baseline 0 -14"><span class='ocrx_word' id='word_1_117' title='bbox 243 1654 441 1707; x_wconf 89' lang='lat' dir='ltr'>angelica</span> <span class='ocrx_word' id='word_1_118' title='bbox 485 1652 730 1693; x_wconf 88' lang='lat' dir='ltr'>visitatione</span> <span class='ocrx_word' id='word_1_119' title='bbox 775 1667 783 1693; x_wconf 89' lang='lat'>:</span> <span class='ocrx_word' id='word_1_120' title='bbox 825 1653 954 1693; x_wconf 87' lang='lat' dir='ltr'>tertio</span> <span class='ocrx_word' id='word_1_121' title='bbox 1002 1653 1044 1693; x_wconf 92' lang='lat' dir='ltr'>in</span> 
     </span>
     <span class='ocr_line' id='line_1_26' title="bbox 244 1711 1045 1764; baseline -0.001 -13"><span class='ocrx_word' id='word_1_122' title='bbox 244 1711 416 1764; x_wconf 87' lang='lat' dir='ltr'>spiritus</span> <span class='ocrx_word' id='word_1_123' title='bbox 468 1711 805 1764; x_wconf 87' lang='lat' dir='ltr'>superuentione</span> <span class='ocrx_word' id='word_1_124' title='bbox 843 1726 850 1750; x_wconf 92' lang='lat'>:</span> <span class='ocrx_word' id='word_1_125' title='bbox 887 1717 1045 1764; x_wconf 88' lang='lat' dir='ltr'>quarto</span> 
     </span>
     <span class='ocr_line' id='line_1_27' title="bbox 243 1768 1046 1822; baseline -0.001 -12"><span class='ocrx_word' id='word_1_126' title='bbox 243 1771 285 1810; x_wconf 91' lang='lat' dir='ltr'>in</span> <span class='ocrx_word' id='word_1_127' title='bbox 324 1769 400 1822; x_wconf 88' lang='lat' dir='ltr'>filij</span> <span class='ocrx_word' id='word_1_128' title='bbox 439 1769 509 1809; x_wconf 91' lang='lat' dir='ltr'>dei</span> <span class='ocrx_word' id='word_1_129' title='bbox 547 1768 825 1809; x_wconf 90' lang='lat' dir='ltr'>inenarrabili</span> <span class='ocrx_word' id='word_1_130' title='bbox 862 1782 1046 1821; x_wconf 87' lang='lat' dir='ltr'>concep-</span> 
     </span>
     <span class='ocr_line' id='line_1_28' title="bbox 244 1826 1044 1879; baseline -0.003 -11"><span class='ocrx_word' id='word_1_131' title='bbox 244 1828 375 1868; x_wconf 89' lang='lat' dir='ltr'>tione.</span> <span class='ocrx_word' id='word_1_132' title='bbox 423 1826 497 1868; x_wconf 83' lang='lat' dir='ltr'>Sic</span> <span class='ocrx_word' id='word_1_133' title='bbox 520 1833 562 1867; x_wconf 90' lang='lat' dir='ltr'>et</span> <span class='ocrx_word' id='word_1_134' title='bbox 585 1828 628 1866; x_wconf 89' lang='lat' dir='ltr'>in</span> <span class='ocrx_word' id='word_1_135' title='bbox 650 1827 717 1867; x_wconf 92' lang='lat' dir='ltr'>his</span> <span class='ocrx_word' id='word_1_136' title='bbox 740 1840 917 1879; x_wconf 85' lang='lat' dir='ltr'>quoque</span> <span class='ocrx_word' id='word_1_137' title='bbox 939 1827 1044 1867; x_wconf 86' lang='lat' dir='ltr'>side—</span> 
     </span>
     <span class='ocr_line' id='line_1_29' title="bbox 244 1885 1044 1938; baseline -0.001 -12"><span class='ocrx_word' id='word_1_138' title='bbox 244 1899 365 1926; x_wconf 88' lang='lat' dir='ltr'>reum</span> <span class='ocrx_word' id='word_1_139' title='bbox 389 1885 520 1938; x_wconf 89' lang='lat' dir='ltr'>plane</span> <span class='ocrx_word' id='word_1_140' title='bbox 542 1885 721 1925; x_wconf 78' lang='lat' dir='ltr'>irradiat</span> <span class='ocrx_word' id='word_1_141' title='bbox 743 1886 877 1925; x_wconf 91' lang='lat' dir='ltr'>decus</span> <span class='ocrx_word' id='word_1_142' title='bbox 896 1899 903 1924; x_wconf 89' lang='lat'>:</span> <span class='ocrx_word' id='word_1_143' title='bbox 926 1885 1044 1937; x_wconf 86' lang='lat' dir='ltr'>quod</span> 
     </span>
     <span class='ocr_line' id='line_1_30' title="bbox 243 1942 1046 1997; baseline 0 -14"><span class='ocrx_word' id='word_1_144' title='bbox 243 1943 508 1997; x_wconf 83' lang='lat' dir='ltr'>virginitatis</span> <span class='ocrx_word' id='word_1_145' title='bbox 526 1942 772 1996; x_wconf 86' lang='lat' dir='ltr'>primiceria</span> <span class='ocrx_word' id='word_1_146' title='bbox 793 1943 935 1994; x_wconf 86' lang='lat' dir='ltr'>:quod</span> <span class='ocrx_word' id='word_1_147' title='bbox 960 1943 1046 1983; x_wconf 88' lang='lat' dir='ltr'>sine</span> 
     </span>
     <span class='ocr_line' id='line_1_31' title="bbox 245 2001 1046 2054; baseline -0.002 -12"><span class='ocrx_word' id='word_1_148' title='bbox 245 2001 525 2054; x_wconf 84' lang='lat' dir='ltr'>corruptione</span> <span class='ocrx_word' id='word_1_149' title='bbox 554 2001 762 2041; x_wconf 88' lang='lat' dir='ltr'>foecunda</span> <span class='ocrx_word' id='word_1_150' title='bbox 786 2016 793 2040; x_wconf 90' lang='lat'><strong>:</strong></span> <span class='ocrx_word' id='word_1_151' title='bbox 816 2001 934 2053; x_wconf 86' lang='lat' dir='ltr'>quod</span> <span class='ocrx_word' id='word_1_152' title='bbox 959 2001 1046 2041; x_wconf 92' lang='lat' dir='ltr'>sine</span> 
     </span>
     <span class='ocr_line' id='line_1_32' title="bbox 245 2058 1045 2113; baseline -0.001 -13"><span class='ocrx_word' id='word_1_153' title='bbox 245 2059 502 2113; x_wconf 88' lang='lat' dir='ltr'>grauamine</span> <span class='ocrx_word' id='word_1_154' title='bbox 537 2059 722 2112; x_wconf 91' lang='lat' dir='ltr'>grauida</span> <span class='ocrx_word' id='word_1_155' title='bbox 754 2074 761 2098; x_wconf 91' lang='lat'>:</span> <span class='ocrx_word' id='word_1_156' title='bbox 803 2059 922 2111; x_wconf 84' lang='lat' dir='ltr'>quod</span> <span class='ocrx_word' id='word_1_157' title='bbox 959 2058 1045 2099; x_wconf 87' lang='lat' dir='ltr'>fine</span> 
     </span>
     <span class='ocr_line' id='line_1_33' title="bbox 245 2116 1045 2170; baseline -0.001 -12"><span class='ocrx_word' id='word_1_158' title='bbox 245 2118 397 2159; x_wconf 91' lang='lat' dir='ltr'>dolore</span> <span class='ocrx_word' id='word_1_159' title='bbox 443 2130 666 2170; x_wconf 77' lang='lat' dir='ltr'>puerpera.</span> <span class='ocrx_word' id='word_1_160' title='bbox 746 2116 1045 2157; x_wconf 84' lang='lat' dir='ltr'>Nihilominus</span> 
     </span>
     <span class='ocr_line' id='line_1_34' title="bbox 245 2173 1047 2228; baseline -0.001 -12"><span class='ocrx_word' id='word_1_161' title='bbox 245 2177 378 2216; x_wconf 90' lang='lat' dir='ltr'>etiam</span> <span class='ocrx_word' id='word_1_162' title='bbox 402 2175 575 2228; x_wconf 90' lang='lat' dir='ltr'>speciali</span> <span class='ocrx_word' id='word_1_163' title='bbox 599 2174 793 2228; x_wconf 86' lang='lat' dir='ltr'>quodam</span> <span class='ocrx_word' id='word_1_164' title='bbox 817 2173 1047 2227; x_wconf 89' lang='lat' dir='ltr'>splendore</span> 
     </span>
     <span class='ocr_line' id='line_1_35' title="bbox 246 2232 1047 2275; baseline -0.004 0"><span class='ocrx_word' id='word_1_165' title='bbox 246 2236 288 2275; x_wconf 90' lang='lat' dir='ltr'>in</span> <span class='ocrx_word' id='word_1_166' title='bbox 339 2233 481 2274; x_wconf 87' lang='lat' dir='ltr'>Maria</span> <span class='ocrx_word' id='word_1_167' title='bbox 527 2232 752 2273; x_wconf 88' lang='lat' dir='ltr'>coruscant</span> <span class='ocrx_word' id='word_1_168' title='bbox 801 2232 1047 2273; x_wconf 90' lang='lat' dir='ltr'>mansuetu-</span> 
     </span>
     <span class='ocr_line' id='line_1_36' title="bbox 246 2290 1047 2344; baseline -0.001 -12"><span class='ocrx_word' id='word_1_169' title='bbox 246 2293 303 2332; x_wconf 93' lang='lat' dir='ltr'>do</span> <span class='ocrx_word' id='word_1_170' title='bbox 354 2291 546 2344; x_wconf 87' lang='lat' dir='ltr'>pudoris,</span> <span class='ocrx_word' id='word_1_171' title='bbox 594 2290 775 2331; x_wconf 89' lang='lat' dir='ltr'>deuotio</span> <span class='ocrx_word' id='word_1_172' title='bbox 823 2290 1047 2331; x_wconf 86' lang='lat' dir='ltr'>humilita-</span> 
     </span>
     <span class='ocr_line' id='line_1_37' title="bbox 245 2348 1046 2402; baseline -0.001 -12"><span class='ocrx_word' id='word_1_173' title='bbox 245 2351 301 2391; x_wconf 88' lang='lat' dir='ltr'>tis</span> <span class='ocrx_word' id='word_1_174' title='bbox 331 2363 338 2390; x_wconf 94' lang='lat'>:</span> <span class='ocrx_word' id='word_1_175' title='bbox 369 2349 710 2402; x_wconf 80' lang='lat' dir='ltr'>magnanimitas</span> <span class='ocrx_word' id='word_1_176' title='bbox 737 2348 1008 2389; x_wconf 88' lang='lat' dir='ltr'>credulitatis</span> <span class='ocrx_word' id='word_1_177' title='bbox 1039 2363 1046 2389; x_wconf 92' lang='lat'>:</span> 
     </span>
     <span class='ocr_line' id='line_1_38' title="bbox 248 2406 1047 2460; baseline -0.003 -12"><span class='ocrx_word' id='word_1_178' title='bbox 248 2407 506 2460; x_wconf 84' lang='lat' dir='ltr'>martyrium</span> <span class='ocrx_word' id='word_1_179' title='bbox 539 2407 693 2446; x_wconf 88' lang='lat' dir='ltr'>cordis.</span> <span class='ocrx_word' id='word_1_180' title='bbox 755 2406 921 2446; x_wconf 86' lang='lat' dir='ltr'>Vestrae</span> <span class='ocrx_word' id='word_1_181' title='bbox 953 2407 1047 2459; x_wconf 87' lang='lat' dir='ltr'>qui-</span> 
     </span>
     <span class='ocr_line' id='line_1_39' title="bbox 246 2463 1047 2517; baseline -0.004 -11"><span class='ocrx_word' id='word_1_182' title='bbox 246 2467 347 2506; x_wconf 90' lang='lat' dir='ltr'>dem</span> <span class='ocrx_word' id='word_1_183' title='bbox 375 2464 616 2505; x_wconf 86' lang='lat' dir='ltr'>sedulitatis</span> <span class='ocrx_word' id='word_1_184' title='bbox 645 2464 726 2504; x_wconf 89' lang='lat' dir='ltr'>erit</span> <span class='ocrx_word' id='word_1_185' title='bbox 751 2463 917 2517; x_wconf 86' lang='lat' dir='ltr'>singula</span> <span class='ocrx_word' id='word_1_186' title='bbox 944 2478 1047 2517; x_wconf 82' lang='lat' dir='ltr'>que-</span> 
     </span>
     <span class='ocr_line' id='line_1_40' title="bbox 247 2522 1047 2576; baseline -0.004 -12"><span class='ocrx_word' id='word_1_187' title='bbox 247 2537 332 2576; x_wconf 84' lang='lat' dir='ltr'>que</span> <span class='ocrx_word' id='word_1_188' title='bbox 364 2523 619 2575; x_wconf 86' lang='lat' dir='ltr'>diligentius</span> <span class='ocrx_word' id='word_1_189' title='bbox 652 2522 820 2570; x_wconf 85' lang='lat' dir='ltr'>intueri,</span> <span class='ocrx_word' id='word_1_190' title='bbox 856 2522 951 2562; x_wconf 89' lang='lat' dir='ltr'>Nos</span> <span class='ocrx_word' id='word_1_191' title='bbox 984 2523 1047 2562; x_wconf 91' lang='lat' dir='ltr'>in-</span> 
     </span>
     <span class='ocr_line' id='line_1_41' title="bbox 247 2580 1046 2628; baseline -0.004 -6"><span class='ocrx_word' id='word_1_192' title='bbox 247 2582 374 2622; x_wconf 87' lang='lat' dir='ltr'>terim</span> <span class='ocrx_word' id='word_1_193' title='bbox 424 2580 665 2620; x_wconf 86' lang='lat' dir='ltr'>satisfecisse</span> <span class='ocrx_word' id='word_1_194' title='bbox 716 2580 975 2628; x_wconf 77' lang='lat' dir='ltr'>videbimus,</span> <span class='ocrx_word' id='word_1_195' title='bbox 1019 2580 1046 2619; x_wconf 91' lang='lat' dir='ltr'>si</span> 
     </span>
     <span class='ocr_line' id='line_1_42' title="bbox 247 2637 1046 2691; baseline -0.003 -12"><span class='ocrx_word' id='word_1_196' title='bbox 247 2639 438 2679; x_wconf 87' lang='lat' dir='ltr'>breuiter</span> <span class='ocrx_word' id='word_1_197' title='bbox 470 2652 522 2678; x_wconf 90' lang='lat' dir='ltr'>ea</span> <span class='ocrx_word' id='word_1_198' title='bbox 559 2637 831 2691; x_wconf 89' lang='lat' dir='ltr'>potuerimus</span> <span class='ocrx_word' id='word_1_199' title='bbox 866 2639 1046 2677; x_wconf 90' lang='lat' dir='ltr'>demon-</span> 
     </span>
     <span class='ocr_line' id='line_1_43' title="bbox 247 2694 1048 2748; baseline -0.004 -11"><span class='ocrx_word' id='word_1_200' title='bbox 247 2697 387 2738; x_wconf 90' lang='lat' dir='ltr'>strare.</span> <span class='ocrx_word' id='word_1_201' title='bbox 451 2694 582 2748; x_wconf 75' lang='lat' dir='ltr'>Quod</span> <span class='ocrx_word' id='word_1_202' title='bbox 607 2709 710 2748; x_wconf 85' lang='lat' dir='ltr'>ergo</span> <span class='ocrx_word' id='word_1_203' title='bbox 733 2694 945 2735; x_wconf 86' lang='lat' dir='ltr'>sidereum</span> <span class='ocrx_word' id='word_1_204' title='bbox 970 2696 1048 2735; x_wconf 90' lang='lat' dir='ltr'>mi-</span> 
     </span>
     <span class='ocr_line' id='line_1_44' title="bbox 247 2753 1048 2807; baseline -0.002 -12"><span class='ocrx_word' id='word_1_205' title='bbox 247 2760 318 2795; x_wconf 88' lang='lat' dir='ltr'>cat</span> <span class='ocrx_word' id='word_1_206' title='bbox 333 2755 376 2794; x_wconf 90' lang='lat' dir='ltr'>in</span> <span class='ocrx_word' id='word_1_207' title='bbox 392 2754 678 2807; x_wconf 80' lang='lat' dir='ltr'>generatione</span> <span class='ocrx_word' id='word_1_208' title='bbox 694 2753 848 2792; x_wconf 86' lang='lat' dir='ltr'>Mariae</span> <span class='ocrx_word' id='word_1_209' title='bbox 866 2753 879 2792; x_wconf 87' lang='lat'>?</span> <span class='ocrx_word' id='word_1_210' title='bbox 913 2753 1048 2793; x_wconf 80' lang='lat' dir='ltr'>Plane</span> 
     </span>
     <span class='ocr_line' id='line_1_45' title="bbox 247 2811 1048 2865; baseline -0.002 -13"><span class='ocrx_word' id='word_1_211' title='bbox 247 2813 365 2865; x_wconf 84' lang='lat' dir='ltr'>quod</span> <span class='ocrx_word' id='word_1_212' title='bbox 406 2825 463 2851; x_wconf 80' lang='lat' dir='ltr'>ex</span> <span class='ocrx_word' id='word_1_213' title='bbox 499 2811 674 2863; x_wconf 87' lang='lat' dir='ltr'>regibus</span> <span class='ocrx_word' id='word_1_214' title='bbox 706 2817 802 2850; x_wconf 90' lang='lat' dir='ltr'>orta</span> <span class='ocrx_word' id='word_1_215' title='bbox 834 2811 952 2863; x_wconf 86' lang='lat' dir='ltr'>quod</span> <span class='ocrx_word' id='word_1_216' title='bbox 991 2825 1048 2850; x_wconf 81' lang='lat' dir='ltr'>ex</span> 
     </span>
    </p>
   </div>
   <div class='ocr_carea' id='block_1_5' title="bbox 552 2976 889 3020">
    <p class='ocr_par' dir='ltr' id='par_1_5' title="bbox 552 2976 889 3020">
     <span class='ocr_line' id='line_1_46' title="bbox 552 2976 889 3020; baseline -0.003 -11"><span class='ocrx_word' id='word_1_217' title='bbox 552 2976 563 2996; x_wconf 65' lang='lat'>1</span> <span class='ocrx_word' id='word_1_218' title='bbox 592 2976 739 3020; x_wconf 80' lang='lat' dir='ltr'>(inquit)</span> <span class='ocrx_word' id='word_1_219' title='bbox 763 2990 769 3009; x_wconf 89' lang='lat'>:</span> <span class='ocrx_word' id='word_1_220' title='bbox 790 2978 826 3010; x_wconf 84' lang='lat' dir='ltr'>P.</span> <span class='ocrx_word' id='word_1_221' title='bbox 847 2977 889 3009; x_wconf 80' lang='lat' dir='ltr'>A.</span> 
     </span>
    </p>
   </div>
   <div class='ocr_carea' id='block_1_6' title="bbox 1092 1441 1360 1482">
    <p class='ocr_par' dir='ltr' id='par_1_6' title="bbox 1092 1441 1360 1482">
     <span class='ocr_line' id='line_1_47' title="bbox 1092 1441 1360 1482; baseline 0 -1"><span class='ocrx_word' id='word_1_222' title='bbox 1092 1478 1095 1482; x_wconf 86' lang='lat'>.</span> <span class='ocrx_word' id='word_1_223' title='bbox 1116 1441 1313 1481; x_wconf 85' lang='lat' dir='ltr'>scribitur</span> <span class='ocrx_word' id='word_1_224' title='bbox 1352 1455 1360 1481; x_wconf 92' lang='lat'>:</span> 
     </span>
    </p>
   </div>
   <div class='ocr_carea' id='block_1_7' title="bbox 615 146 1553 180">
    <p class='ocr_par' dir='ltr' id='par_1_7' title="bbox 615 146 1553 180">
     <span class='ocr_line' id='line_1_48' title="bbox 615 146 1553 180; baseline -0.001 -1"><span class='ocrx_word' id='word_1_225' title='bbox 615 147 857 179; x_wconf 77' lang='lat' dir='ltr'><em>OFFJCJVM</em></span> <span class='ocrx_word' id='word_1_226' title='bbox 882 146 1071 178; x_wconf 74' lang='lat' dir='ltr'><em>BEATAE</em></span> <span class='ocrx_word' id='word_1_227' title='bbox 1102 147 1285 178; x_wconf 74' lang='lat' dir='ltr'><em>MARJAE</em></span> <span class='ocrx_word' id='word_1_228' title='bbox 1324 149 1553 180; x_wconf 81' lang='lat' dir='ltr'><em>VIRGINIS.</em></span> 
     </span>
    </p>
   </div>
   <div class='ocr_carea' id='block_1_8' title="bbox 1113 221 1943 1784">
    <p class='ocr_par' dir='ltr' id='par_1_8' title="bbox 1113 221 1943 1784">
     <span class='ocr_line' id='line_1_49' title="bbox 1120 221 1922 277; baseline 0.005 -16"><span class='ocrx_word' id='word_1_229' title='bbox 1120 221 1281 263; x_wconf 88' lang='lat' dir='ltr'>semine</span> <span class='ocrx_word' id='word_1_230' title='bbox 1312 223 1490 264; x_wconf 64' lang='lat' dir='ltr'>abrahae</span> <span class='ocrx_word' id='word_1_231' title='bbox 1520 240 1528 265; x_wconf 90' lang='grc'>;</span> <span class='ocrx_word' id='word_1_232' title='bbox 1560 225 1680 277; x_wconf 87' lang='lat' dir='ltr'>quod</span> <span class='ocrx_word' id='word_1_233' title='bbox 1713 224 1922 277; x_wconf 89' lang='lat' dir='ltr'>generosa</span> 
     </span>
     <span class='ocr_line' id='line_1_50' title="bbox 1119 281 1922 335; baseline 0.004 -15"><span class='ocrx_word' id='word_1_234' title='bbox 1119 293 1176 320; x_wconf 81' lang='lat' dir='ltr'>ex</span> <span class='ocrx_word' id='word_1_235' title='bbox 1207 281 1335 335; x_wconf 88' lang='lat' dir='ltr'>stirpe</span> <span class='ocrx_word' id='word_1_236' title='bbox 1360 281 1520 331; x_wconf 86' lang='lat' dir='ltr'>Dauid,</span> <span class='ocrx_word' id='word_1_237' title='bbox 1543 282 1571 321; x_wconf 87' lang='lat' dir='ltr'>fi</span> <span class='ocrx_word' id='word_1_238' title='bbox 1601 283 1644 323; x_wconf 91' lang='lat' dir='ltr'>id</span> <span class='ocrx_word' id='word_1_239' title='bbox 1674 296 1830 335; x_wconf 87' lang='lat' dir='ltr'>parum</span> <span class='ocrx_word' id='word_1_240' title='bbox 1859 283 1922 323; x_wconf 87' lang='lat' dir='ltr'>vi-</span> 
     </span>
     <span class='ocr_line' id='line_1_51' title="bbox 1118 338 1920 393; baseline 0.002 -15"><span class='ocrx_word' id='word_1_241' title='bbox 1118 338 1247 379; x_wconf 92' lang='lat' dir='ltr'>detur</span> <span class='ocrx_word' id='word_1_242' title='bbox 1286 353 1294 380; x_wconf 93' lang='lat'><strong>:</strong></span> <span class='ocrx_word' id='word_1_243' title='bbox 1332 340 1448 380; x_wconf 91' lang='lat' dir='ltr'>adde</span> <span class='ocrx_word' id='word_1_244' title='bbox 1485 341 1604 393; x_wconf 86' lang='lat' dir='ltr'>quod</span> <span class='ocrx_word' id='word_1_245' title='bbox 1646 341 1920 393; x_wconf 90' lang='lat' dir='ltr'>generationi</span> 
     </span>
     <span class='ocr_line' id='line_1_52' title="bbox 1117 396 1920 451; baseline 0.002 -15"><span class='ocrx_word' id='word_1_246' title='bbox 1117 396 1177 436; x_wconf 90' lang='lat' dir='ltr'>illi</span> <span class='ocrx_word' id='word_1_247' title='bbox 1196 397 1253 437; x_wconf 96' lang='lat' dir='ltr'>ob</span> <span class='ocrx_word' id='word_1_248' title='bbox 1271 397 1484 450; x_wconf 86' lang='lat' dir='ltr'>singulare</span> <span class='ocrx_word' id='word_1_249' title='bbox 1502 398 1781 451; x_wconf 86' lang='lat' dir='ltr'>priuilegium</span> <span class='ocrx_word' id='word_1_250' title='bbox 1801 398 1920 438; x_wconf 93' lang='lat' dir='ltr'>sanc-</span> 
     </span>
     <span class='ocr_line' id='line_1_53' title="bbox 1117 454 1921 505; baseline 0.002 -11"><span class='ocrx_word' id='word_1_251' title='bbox 1117 454 1268 505; x_wconf 87' lang='lat' dir='ltr'>titatis,</span> <span class='ocrx_word' id='word_1_252' title='bbox 1282 456 1495 496; x_wconf 90' lang='lat' dir='ltr'>diuinitus</span> <span class='ocrx_word' id='word_1_253' title='bbox 1513 456 1702 496; x_wconf 90' lang='lat' dir='ltr'>noscitur</span> <span class='ocrx_word' id='word_1_254' title='bbox 1719 456 1802 496; x_wconf 88' lang='lat' dir='ltr'>esse</span> <span class='ocrx_word' id='word_1_255' title='bbox 1819 470 1921 496; x_wconf 90' lang='lat' dir='ltr'>con-</span> 
     </span>
     <span class='ocr_line' id='line_1_54' title="bbox 1117 513 1919 566; baseline 0.002 -14"><span class='ocrx_word' id='word_1_256' title='bbox 1117 513 1228 553; x_wconf 87' lang='lat' dir='ltr'>cessa</span> <span class='ocrx_word' id='word_1_257' title='bbox 1261 529 1269 553; x_wconf 91' lang='lat'>:</span> <span class='ocrx_word' id='word_1_258' title='bbox 1300 515 1419 566; x_wconf 86' lang='lat' dir='ltr'>quod</span> <span class='ocrx_word' id='word_1_259' title='bbox 1457 513 1589 566; x_wconf 88' lang='lat' dir='ltr'>longe</span> <span class='ocrx_word' id='word_1_260' title='bbox 1621 520 1725 554; x_wconf 91' lang='lat' dir='ltr'>ante</span> <span class='ocrx_word' id='word_1_261' title='bbox 1757 514 1919 554; x_wconf 87' lang='lat' dir='ltr'>eisdem</span> 
     </span>
     <span class='ocr_line' id='line_1_55' title="bbox 1116 571 1917 625; baseline 0.002 -15"><span class='ocrx_word' id='word_1_262' title='bbox 1116 571 1313 623; x_wconf 90' lang='lat' dir='ltr'>patribus</span> <span class='ocrx_word' id='word_1_263' title='bbox 1323 571 1496 612; x_wconf 90' lang='lat' dir='ltr'>coelitus</span> <span class='ocrx_word' id='word_1_264' title='bbox 1510 572 1761 625; x_wconf 88' lang='lat' dir='ltr'>repromissa</span> <span class='ocrx_word' id='word_1_265' title='bbox 1776 587 1784 612; x_wconf 79' lang='lat'>2</span> <span class='ocrx_word' id='word_1_266' title='bbox 1799 572 1917 624; x_wconf 87' lang='lat' dir='ltr'>quod</span> 
     </span>
     <span class='ocr_line' id='line_1_56' title="bbox 1117 628 1919 683; baseline 0.001 -15"><span class='ocrx_word' id='word_1_267' title='bbox 1117 628 1309 681; x_wconf 85' lang='lat' dir='ltr'>mysticis</span> <span class='ocrx_word' id='word_1_268' title='bbox 1342 629 1624 683; x_wconf 84' lang='lat' dir='ltr'>praefigurata</span> <span class='ocrx_word' id='word_1_269' title='bbox 1657 630 1877 670; x_wconf 87' lang='lat' dir='ltr'>miraculis</span> <span class='ocrx_word' id='word_1_270' title='bbox 1911 645 1919 669; x_wconf 92' lang='lat'>:</span> 
     </span>
     <span class='ocr_line' id='line_1_57' title="bbox 1116 687 1918 740; baseline 0.001 -14"><span class='ocrx_word' id='word_1_271' title='bbox 1116 688 1234 739; x_wconf 86' lang='lat' dir='ltr'>quod</span> <span class='ocrx_word' id='word_1_272' title='bbox 1268 687 1455 727; x_wconf 88' lang='lat' dir='ltr'>oraculis</span> <span class='ocrx_word' id='word_1_273' title='bbox 1487 688 1789 740; x_wconf 87' lang='lat' dir='ltr'>praenunciata</span> <span class='ocrx_word' id='word_1_274' title='bbox 1820 701 1918 740; x_wconf 91' lang='lat' dir='ltr'>pro-</span> 
     </span>
     <span class='ocr_line' id='line_1_58' title="bbox 1116 745 1919 797; baseline 0.001 -13"><span class='ocrx_word' id='word_1_275' title='bbox 1116 745 1313 797; x_wconf 88' lang='lat' dir='ltr'>pheticis.</span> <span class='ocrx_word' id='word_1_276' title='bbox 1388 745 1519 785; x_wconf 90' lang='lat' dir='ltr'>Hanc</span> <span class='ocrx_word' id='word_1_277' title='bbox 1562 746 1679 785; x_wconf 90' lang='lat' dir='ltr'>enim</span> <span class='ocrx_word' id='word_1_278' title='bbox 1722 745 1919 785; x_wconf 87' lang='lat' dir='ltr'>sacerdo-</span> 
     </span>
     <span class='ocr_line' id='line_1_59' title="bbox 1115 802 1919 856; baseline 0.001 -14"><span class='ocrx_word' id='word_1_279' title='bbox 1115 803 1215 843; x_wconf 90' lang='lat' dir='ltr'>talis</span> <span class='ocrx_word' id='word_1_280' title='bbox 1248 804 1371 856; x_wconf 88' lang='lat' dir='ltr'>virga</span> <span class='ocrx_word' id='word_1_281' title='bbox 1403 804 1509 844; x_wconf 91' lang='lat' dir='ltr'>dum</span> <span class='ocrx_word' id='word_1_282' title='bbox 1545 803 1631 844; x_wconf 88' lang='lat' dir='ltr'>fine</span> <span class='ocrx_word' id='word_1_283' title='bbox 1664 804 1809 844; x_wconf 88' lang='lat' dir='ltr'>radice</span> <span class='ocrx_word' id='word_1_284' title='bbox 1841 802 1919 843; x_wconf 88' lang='lat' dir='ltr'>flo-</span> 
     </span>
     <span class='ocr_line' id='line_1_60' title="bbox 1115 861 1917 902; baseline 0 -2"><span class='ocrx_word' id='word_1_285' title='bbox 1115 861 1201 901; x_wconf 88' lang='lat' dir='ltr'>ruit</span> <span class='ocrx_word' id='word_1_286' title='bbox 1228 876 1235 901; x_wconf 91' lang='lat'>:</span> <span class='ocrx_word' id='word_1_287' title='bbox 1260 861 1374 901; x_wconf 89' lang='lat' dir='ltr'>hanc</span> <span class='ocrx_word' id='word_1_288' title='bbox 1399 861 1621 902; x_wconf 90' lang='lat' dir='ltr'>Gedeonis</span> <span class='ocrx_word' id='word_1_289' title='bbox 1644 861 1781 902; x_wconf 86' lang='lat' dir='ltr'>vellus</span> <span class='ocrx_word' id='word_1_290' title='bbox 1811 862 1917 901; x_wconf 91' lang='lat' dir='ltr'>dum</span> 
     </span>
     <span class='ocr_line' id='line_1_61' title="bbox 1116 918 1943 960; baseline -0.001 -1"><span class='ocrx_word' id='word_1_291' title='bbox 1116 918 1159 959; x_wconf 91' lang='lat' dir='ltr'>in</span> <span class='ocrx_word' id='word_1_292' title='bbox 1203 920 1349 959; x_wconf 89' lang='lat' dir='ltr'>medio</span> <span class='ocrx_word' id='word_1_293' title='bbox 1385 920 1505 959; x_wconf 82' lang='lat' dir='ltr'>siccae</span> <span class='ocrx_word' id='word_1_294' title='bbox 1543 933 1656 959; x_wconf 81' lang='lat' dir='ltr'>areae</span> <span class='ocrx_word' id='word_1_295' title='bbox 1694 919 1865 960; x_wconf 89' lang='lat' dir='ltr'>maduit</span> <span class='ocrx_word' id='word_1_296' title='bbox 1908 926 1943 958; x_wconf 68' lang='lat'>:&#39;</span> 
     </span>
     <span class='ocr_line' id='line_1_62' title="bbox 1114 976 1916 1017; baseline 0.001 -1"><span class='ocrx_word' id='word_1_297' title='bbox 1114 976 1229 1017; x_wconf 88' lang='lat' dir='ltr'>hanc</span> <span class='ocrx_word' id='word_1_298' title='bbox 1258 977 1302 1016; x_wconf 89' lang='lat' dir='ltr'>in</span> <span class='ocrx_word' id='word_1_299' title='bbox 1326 977 1569 1017; x_wconf 84' lang='lat' dir='ltr'>Ezechielis</span> <span class='ocrx_word' id='word_1_300' title='bbox 1591 977 1752 1017; x_wconf 82' lang='lat' dir='ltr'>visione</span> <span class='ocrx_word' id='word_1_301' title='bbox 1776 978 1916 1017; x_wconf 89' lang='lat' dir='ltr'>orien-</span> 
     </span>
     <span class='ocr_line' id='line_1_63' title="bbox 1115 1034 1916 1088; baseline 0.001 -14"><span class='ocrx_word' id='word_1_302' title='bbox 1115 1034 1215 1075; x_wconf 84' lang='lat' dir='ltr'>talis</span> <span class='ocrx_word' id='word_1_303' title='bbox 1253 1041 1393 1088; x_wconf 80' lang='lat' dir='ltr'>porta,</span> <span class='ocrx_word' id='word_1_304' title='bbox 1430 1049 1530 1088; x_wconf 84' lang='lat' dir='ltr'>quae</span> <span class='ocrx_word' id='word_1_305' title='bbox 1571 1035 1679 1075; x_wconf 88' lang='lat' dir='ltr'>nulli</span> <span class='ocrx_word' id='word_1_306' title='bbox 1722 1048 1916 1088; x_wconf 86' lang='lat' dir='ltr'>vnquam</span> 
     </span>
     <span class='ocr_line' id='line_1_64' title="bbox 1115 1093 1918 1146; baseline 0 -13"><span class='ocrx_word' id='word_1_307' title='bbox 1115 1093 1260 1146; x_wconf 90' lang='lat' dir='ltr'>patuit</span> <span class='ocrx_word' id='word_1_308' title='bbox 1302 1093 1605 1146; x_wconf 78' lang='lat' dir='ltr'>praesignabat.</span> <span class='ocrx_word' id='word_1_309' title='bbox 1673 1093 1803 1133; x_wconf 89' lang='lat' dir='ltr'>Hanc</span> <span class='ocrx_word' id='word_1_310' title='bbox 1843 1093 1918 1133; x_wconf 91' lang='lat' dir='ltr'>de-</span> 
     </span>
     <span class='ocr_line' id='line_1_65' title="bbox 1114 1150 1918 1204; baseline 0.001 -14"><span class='ocrx_word' id='word_1_311' title='bbox 1114 1151 1247 1204; x_wconf 87' lang='lat' dir='ltr'>nique</span> <span class='ocrx_word' id='word_1_312' title='bbox 1262 1165 1351 1204; x_wconf 80' lang='lat' dir='ltr'>prae</span> <span class='ocrx_word' id='word_1_313' title='bbox 1370 1151 1538 1191; x_wconf 83' lang='lat' dir='ltr'>caeteris</span> <span class='ocrx_word' id='word_1_314' title='bbox 1558 1150 1690 1191; x_wconf 90' lang='lat' dir='ltr'>Isaias</span> <span class='ocrx_word' id='word_1_315' title='bbox 1706 1164 1822 1191; x_wconf 91' lang='lat' dir='ltr'>nunc</span> <span class='ocrx_word' id='word_1_316' title='bbox 1835 1151 1918 1191; x_wconf 91' lang='lat' dir='ltr'>vir-</span> 
     </span>
     <span class='ocr_line' id='line_1_66' title="bbox 1113 1209 1917 1262; baseline -0.001 -13"><span class='ocrx_word' id='word_1_317' title='bbox 1113 1222 1217 1262; x_wconf 91' lang='lat' dir='ltr'>gam</span> <span class='ocrx_word' id='word_1_318' title='bbox 1233 1209 1287 1249; x_wconf 91' lang='lat' dir='ltr'>de</span> <span class='ocrx_word' id='word_1_319' title='bbox 1303 1209 1448 1249; x_wconf 89' lang='lat' dir='ltr'>radice</span> <span class='ocrx_word' id='word_1_320' title='bbox 1465 1209 1571 1249; x_wconf 89' lang='lat' dir='ltr'>Iesse</span> <span class='ocrx_word' id='word_1_321' title='bbox 1589 1209 1798 1249; x_wconf 90' lang='lat' dir='ltr'>orituram</span> <span class='ocrx_word' id='word_1_322' title='bbox 1819 1222 1917 1261; x_wconf 91' lang='lat' dir='ltr'>pro-</span> 
     </span>
     <span class='ocr_line' id='line_1_67' title="bbox 1115 1266 1915 1319; baseline -0.001 -12"><span class='ocrx_word' id='word_1_323' title='bbox 1115 1266 1335 1315; x_wconf 89' lang='lat' dir='ltr'>mittebat,</span> <span class='ocrx_word' id='word_1_324' title='bbox 1364 1280 1480 1307; x_wconf 80' lang='grc'><strong>1111116</strong></span> <span class='ocrx_word' id='word_1_325' title='bbox 1509 1267 1759 1307; x_wconf 86' lang='lat' dir='ltr'>euidentius</span> <span class='ocrx_word' id='word_1_326' title='bbox 1787 1267 1915 1319; x_wconf 87' lang='lat' dir='ltr'>virgi-</span> 
     </span>
     <span class='ocr_line' id='line_1_68' title="bbox 1116 1324 1915 1378; baseline -0.001 -13"><span class='ocrx_word' id='word_1_327' title='bbox 1116 1338 1217 1365; x_wconf 88' lang='lat' dir='ltr'>nem</span> <span class='ocrx_word' id='word_1_328' title='bbox 1245 1325 1497 1377; x_wconf 87' lang='lat' dir='ltr'>parituram.</span> <span class='ocrx_word' id='word_1_329' title='bbox 1563 1325 1724 1365; x_wconf 90' lang='lat' dir='ltr'>Merito</span> <span class='ocrx_word' id='word_1_330' title='bbox 1748 1324 1915 1378; x_wconf 85' lang='lat' dir='ltr'>signum</span> 
     </span>
     <span class='ocr_line' id='line_1_69' title="bbox 1115 1382 1917 1436; baseline -0.001 -13"><span class='ocrx_word' id='word_1_331' title='bbox 1115 1383 1198 1423; x_wconf 91' lang='lat' dir='ltr'>hoc</span> <span class='ocrx_word' id='word_1_332' title='bbox 1225 1396 1437 1436; x_wconf 90' lang='lat' dir='ltr'>magnum</span> <span class='ocrx_word' id='word_1_333' title='bbox 1467 1383 1511 1423; x_wconf 91' lang='lat' dir='ltr'>in</span> <span class='ocrx_word' id='word_1_334' title='bbox 1537 1383 1652 1423; x_wconf 84' lang='lat' dir='ltr'>coelo</span> <span class='ocrx_word' id='word_1_335' title='bbox 1674 1382 1917 1436; x_wconf 86' lang='lat' dir='ltr'>apparuisse</span> 
     </span>
     <span class='ocr_line' id='line_1_70' title="bbox 1397 1441 1917 1494; baseline 0 -14"><span class='ocrx_word' id='word_1_336' title='bbox 1397 1441 1515 1494; x_wconf 86' lang='lat' dir='ltr'>quod</span> <span class='ocrx_word' id='word_1_337' title='bbox 1556 1446 1683 1481; x_wconf 89' lang='lat' dir='ltr'>tanto</span> <span class='ocrx_word' id='word_1_338' title='bbox 1720 1447 1824 1481; x_wconf 90' lang='lat' dir='ltr'>ante</span> <span class='ocrx_word' id='word_1_339' title='bbox 1861 1441 1917 1481; x_wconf 94' lang='lat' dir='ltr'>de</span> 
     </span>
     <span class='ocr_line' id='line_1_71' title="bbox 1115 1498 1916 1551; baseline -0.001 -12"><span class='ocrx_word' id='word_1_340' title='bbox 1115 1500 1229 1539; x_wconf 84' lang='lat' dir='ltr'>coelo</span> <span class='ocrx_word' id='word_1_341' title='bbox 1268 1498 1456 1539; x_wconf 87' lang='lat' dir='ltr'>noscitur</span> <span class='ocrx_word' id='word_1_342' title='bbox 1494 1499 1614 1539; x_wconf 88' lang='lat' dir='ltr'>fuisse</span> <span class='ocrx_word' id='word_1_343' title='bbox 1651 1498 1916 1551; x_wconf 89' lang='lat' dir='ltr'>promissum.</span> 
     </span>
     <span class='ocr_line' id='line_1_72' title="bbox 1118 1556 1916 1611; baseline -0.001 -14"><span class='ocrx_word' id='word_1_344' title='bbox 1118 1558 1337 1597; x_wconf 88' lang='lat' dir='ltr'>Dominus</span> <span class='ocrx_word' id='word_1_345' title='bbox 1377 1556 1472 1611; x_wconf 79' lang='lat' dir='ltr'>(ait)</span> <span class='ocrx_word' id='word_1_346' title='bbox 1512 1557 1600 1610; x_wconf 90' lang='lat' dir='ltr'>ipse</span> <span class='ocrx_word' id='word_1_347' title='bbox 1632 1557 1755 1597; x_wconf 88' lang='lat' dir='ltr'>dabit</span> <span class='ocrx_word' id='word_1_348' title='bbox 1792 1557 1916 1597; x_wconf 83' lang='lat' dir='ltr'>vobis</span> 
     </span>
     <span class='ocr_line' id='line_1_73' title="bbox 1115 1615 1915 1668; baseline -0.001 -13"><span class='ocrx_word' id='word_1_349' title='bbox 1115 1615 1282 1668; x_wconf 90' lang='lat' dir='ltr'>signum</span> <span class='ocrx_word' id='word_1_350' title='bbox 1341 1615 1456 1655; x_wconf 87' lang='lat' dir='ltr'>Ecce</span> <span class='ocrx_word' id='word_1_351' title='bbox 1510 1615 1633 1667; x_wconf 88' lang='lat' dir='ltr'>virgo</span> <span class='ocrx_word' id='word_1_352' title='bbox 1686 1615 1915 1667; x_wconf 86' lang='lat' dir='ltr'>concipiet.</span> 
     </span>
     <span class='ocr_line' id='line_1_74' title="bbox 1117 1671 1916 1726; baseline -0.001 -13"><span class='ocrx_word' id='word_1_353' title='bbox 1117 1674 1333 1726; x_wconf 86' lang='lat' dir='ltr'>Magnum</span> <span class='ocrx_word' id='word_1_354' title='bbox 1358 1671 1555 1726; x_wconf 61' lang='lat' dir='ltr'>prosecfto</span> <span class='ocrx_word' id='word_1_355' title='bbox 1578 1673 1745 1725; x_wconf 89' lang='lat' dir='ltr'>signum</span> <span class='ocrx_word' id='word_1_356' title='bbox 1766 1672 1890 1713; x_wconf 90' lang='lat' dir='ltr'>dedit</span> <span class='ocrx_word' id='word_1_357' title='bbox 1909 1688 1916 1712; x_wconf 80' lang='lat' dir='ltr'>z</span> 
     </span>
     <span class='ocr_line' id='line_1_75' title="bbox 1115 1730 1859 1784; baseline -0.001 -13"><span class='ocrx_word' id='word_1_358' title='bbox 1115 1732 1219 1784; x_wconf 85' lang='lat' dir='ltr'>quia</span> <span class='ocrx_word' id='word_1_359' title='bbox 1242 1737 1285 1771; x_wconf 90' lang='lat' dir='ltr'>et</span> <span class='ocrx_word' id='word_1_360' title='bbox 1309 1745 1494 1784; x_wconf 90' lang='lat' dir='ltr'>magnus</span> <span class='ocrx_word' id='word_1_361' title='bbox 1518 1731 1606 1784; x_wconf 90' lang='lat' dir='ltr'>ipse</span> <span class='ocrx_word' id='word_1_362' title='bbox 1628 1731 1701 1784; x_wconf 89' lang='lat' dir='ltr'>qui</span> <span class='ocrx_word' id='word_1_363' title='bbox 1724 1730 1859 1771; x_wconf 89' lang='lat' dir='ltr'>dedit.</span> 
     </span>
    </p>
   </div>
   <div class='ocr_carea' id='block_1_9' title="bbox 1115 1892 1919 1992">
    <p class='ocr_par' dir='ltr' id='par_1_9' title="bbox 1115 1892 1919 1992">
     <span class='ocr_line' id='line_1_76' title="bbox 1115 1892 1919 1992; baseline -0.004 -57"><span class='ocrx_word' id='word_1_364' title='bbox 1115 1898 1158 1942; x_wconf 70' lang='lat'>1[</span> <span class='ocrx_word' id='word_1_365' title='bbox 1202 1894 1355 1935; x_wconf 69' lang='lat' dir='ltr'>Finita</span> <span class='ocrx_word' id='word_1_366' title='bbox 1393 1893 1521 1992; x_wconf 52' lang='lat' dir='ltr'>ffeth&#39;cq</span> <span class='ocrx_word' id='word_1_367' title='bbox 1557 1892 1727 1934; x_wconf 61' lang='lat' dir='ltr'>leblz&#39;one</span> <span class='ocrx_word' id='word_1_368' title='bbox 1750 1893 1919 1945; x_wconf 75' lang='lat' dir='ltr'>semper</span> 
     </span>
     <span class='ocr_line' id='line_1_77' title="bbox 1464 1959 1602 1992; baseline -0.007 0"><span class='ocrx_word' id='word_1_369' title='bbox 1464 1959 1602 1992; x_wconf 79' lang='lat' dir='ltr'>zcztnr.</span> 
     </span>
    </p>
   </div>
   <div class='ocr_carea' id='block_1_10' title="bbox 1173 2044 1859 2098">
    <p class='ocr_par' dir='ltr' id='par_1_10' title="bbox 1173 2044 1859 2098">
     <span class='ocr_line' id='line_1_78' title="bbox 1173 2044 1859 2098; baseline 0 -12"><span class='ocrx_word' id='word_1_370' title='bbox 1173 2045 1238 2086; x_wconf 86' lang='lat' dir='ltr'>Te</span> <span class='ocrx_word' id='word_1_371' title='bbox 1270 2046 1401 2086; x_wconf 92' lang='lat' dir='ltr'>deum</span> <span class='ocrx_word' id='word_1_372' title='bbox 1436 2045 1680 2086; x_wconf 88' lang='lat' dir='ltr'>laudamus.</span> <span class='ocrx_word' id='word_1_373' title='bbox 1702 2046 1768 2098; x_wconf 85' lang='lat' dir='ltr'>fo.</span> <span class='ocrx_word' id='word_1_374' title='bbox 1801 2044 1859 2096; x_wconf 78' lang='lat'>4².</span> 
     </span>
    </p>
   </div>
   <div class='ocr_carea' id='block_1_11' title="bbox 1115 2185 1914 2297">
    <p class='ocr_par' dir='ltr' id='par_1_11' title="bbox 1115 2185 1914 2297">
     <span class='ocr_line' id='line_1_79' title="bbox 1115 2185 1914 2235; baseline -0.003 -8"><span class='ocrx_word' id='word_1_375' title='bbox 1115 2189 1159 2234; x_wconf 58' lang='grc' dir='ltr'>Ἡ</span> <span class='ocrx_word' id='word_1_376' title='bbox 1189 2186 1272 2227; x_wconf 73' lang='lat' dir='ltr'>Ad</span> <span class='ocrx_word' id='word_1_377' title='bbox 1298 2186 1454 2234; x_wconf 71' lang='lat' dir='ltr'>laudes,</span> <span class='ocrx_word' id='word_1_378' title='bbox 1491 2186 1694 2235; x_wconf 64' lang='lat' dir='ltr'>Tertiam,</span> <span class='ocrx_word' id='word_1_379' title='bbox 1728 2185 1914 2233; x_wconf 71' lang='lat' dir='ltr'>sextam,</span> 
     </span>
     <span class='ocr_line' id='line_1_80' title="bbox 1172 2243 1914 2297; baseline -0.003 -12"><span class='ocrx_word' id='word_1_380' title='bbox 1172 2246 1360 2293; x_wconf 75' lang='lat' dir='ltr'>Nonam,</span> <span class='ocrx_word' id='word_1_381' title='bbox 1401 2251 1442 2284; x_wconf 77' lang='lat' dir='ltr'>et</span> <span class='ocrx_word' id='word_1_382' title='bbox 1492 2243 1711 2297; x_wconf 68' lang='lat' dir='ltr'>Vesperam</span> <span class='ocrx_word' id='word_1_383' title='bbox 1755 2243 1800 2284; x_wconf 75' lang='lat'>2&#39;72</span> <span class='ocrx_word' id='word_1_384' title='bbox 1839 2243 1914 2283; x_wconf 80' lang='lat' dir='ltr'>ad-</span> 
     </span>
    </p>
   </div>
   <div class='ocr_carea' id='block_1_12' title="bbox 1173 2301 1719 2343">
    <p class='ocr_par' dir='ltr' id='par_1_12' title="bbox 1173 2301 1719 2343">
     <span class='ocr_line' id='line_1_81' title="bbox 1173 2301 1719 2343; baseline -0.002 0"><span class='ocrx_word' id='word_1_385' title='bbox 1173 2309 1300 2343; x_wconf 70' lang='lat' dir='ltr'>uentu</span> <span class='ocrx_word' id='word_1_386' title='bbox 1322 2302 1491 2343; x_wconf 72' lang='lat' dir='ltr'>dicitnr.</span> <span class='ocrx_word' id='word_1_387' title='bbox 1556 2301 1719 2342; x_wconf 66' lang='lat' dir='ltr'>Oratio.</span> 
     </span>
    </p>
   </div>
   <div class='ocr_carea' id='block_1_13' title="bbox 1116 2405 1916 2863">
    <p class='ocr_par' dir='ltr' id='par_1_13' title="bbox 1119 2405 1916 2487">
     <span class='ocr_line' id='line_1_82' title="bbox 1119 2405 1916 2487; baseline -0.001 -41"><span class='ocrx_word' id='word_1_388' title='bbox 1119 2406 1302 2487; x_wconf 81' lang='lat' dir='ltr'>DEus,</span> <span class='ocrx_word' id='word_1_389' title='bbox 1327 2406 1402 2458; x_wconf 83' lang='lat' dir='ltr'>qui</span> <span class='ocrx_word' id='word_1_390' title='bbox 1425 2405 1480 2444; x_wconf 93' lang='lat' dir='ltr'>de</span> <span class='ocrx_word' id='word_1_391' title='bbox 1506 2405 1634 2445; x_wconf 86' lang='lat' dir='ltr'>beate</span> <span class='ocrx_word' id='word_1_392' title='bbox 1657 2405 1812 2445; x_wconf 78' lang='lat' dir='ltr'>Mariae</span> <span class='ocrx_word' id='word_1_393' title='bbox 1834 2406 1916 2445; x_wconf 90' lang='lat' dir='ltr'>vir-</span> 
     </span>
    </p>

    <p class='ocr_par' dir='ltr' id='par_1_14' title="bbox 1116 2463 1916 2863">
     <span class='ocr_line' id='line_1_83' title="bbox 1226 2463 1914 2516; baseline -0.001 -13"><span class='ocrx_word' id='word_1_394' title='bbox 1226 2464 1340 2516; x_wconf 89' lang='lat' dir='ltr'>ginis</span> <span class='ocrx_word' id='word_1_395' title='bbox 1374 2469 1496 2503; x_wconf 86' lang='lat' dir='ltr'>vtero</span> <span class='ocrx_word' id='word_1_396' title='bbox 1532 2476 1539 2502; x_wconf 92' lang='lat'>:</span> <span class='ocrx_word' id='word_1_397' title='bbox 1571 2463 1752 2502; x_wconf 81' lang='lat' dir='ltr'>verbum</span> <span class='ocrx_word' id='word_1_398' title='bbox 1789 2469 1914 2503; x_wconf 89' lang='lat' dir='ltr'>tuum</span> 
     </span>
     <span class='ocr_line' id='line_1_84' title="bbox 1116 2520 1914 2574; baseline -0.003 -12"><span class='ocrx_word' id='word_1_399' title='bbox 1116 2521 1277 2574; x_wconf 89' lang='lat' dir='ltr'>angelo</span> <span class='ocrx_word' id='word_1_400' title='bbox 1326 2522 1563 2560; x_wconf 87' lang='lat' dir='ltr'>nunciante</span> <span class='ocrx_word' id='word_1_401' title='bbox 1606 2534 1782 2560; x_wconf 90' lang='lat' dir='ltr'>carnem</span> <span class='ocrx_word' id='word_1_402' title='bbox 1832 2520 1914 2560; x_wconf 90' lang='lat' dir='ltr'>sus-</span> 
     </span>
     <span class='ocr_line' id='line_1_85' title="bbox 1118 2578 1916 2632; baseline -0.001 -13"><span class='ocrx_word' id='word_1_403' title='bbox 1118 2580 1261 2632; x_wconf 87' lang='lat' dir='ltr'>cipere</span> <span class='ocrx_word' id='word_1_404' title='bbox 1301 2578 1471 2619; x_wconf 86' lang='lat' dir='ltr'>voluisti</span> <span class='ocrx_word' id='word_1_405' title='bbox 1507 2590 1515 2614; x_wconf 77' lang='lat'>1</span> <span class='ocrx_word' id='word_1_406' title='bbox 1562 2578 1716 2631; x_wconf 82' lang='lat' dir='ltr'>praesta</span> <span class='ocrx_word' id='word_1_407' title='bbox 1757 2578 1916 2631; x_wconf 89' lang='lat' dir='ltr'>suppli-</span> 
     </span>
     <span class='ocr_line' id='line_1_86' title="bbox 1118 2636 1914 2688; baseline -0.003 -11"><span class='ocrx_word' id='word_1_408' title='bbox 1118 2638 1241 2677; x_wconf 85' lang='lat' dir='ltr'>cibus</span> <span class='ocrx_word' id='word_1_409' title='bbox 1283 2637 1369 2677; x_wconf 90' lang='lat' dir='ltr'>tuis</span> <span class='ocrx_word' id='word_1_410' title='bbox 1410 2650 1417 2676; x_wconf 91' lang='lat'><strong>:</strong></span> <span class='ocrx_word' id='word_1_411' title='bbox 1458 2642 1518 2684; x_wconf 84' lang='lat' dir='ltr'>vt,</span> <span class='ocrx_word' id='word_1_412' title='bbox 1559 2636 1633 2688; x_wconf 86' lang='lat' dir='ltr'>qui</span> <span class='ocrx_word' id='word_1_413' title='bbox 1675 2650 1775 2676; x_wconf 85' lang='lat' dir='ltr'>vere</span> <span class='ocrx_word' id='word_1_414' title='bbox 1817 2649 1914 2675; x_wconf 88' lang='lat' dir='ltr'>eam</span> 
     </span>
     <span class='ocr_line' id='line_1_87' title="bbox 1117 2694 1916 2748; baseline -0.003 -14"><span class='ocrx_word' id='word_1_415' title='bbox 1117 2695 1375 2748; x_wconf 89' lang='lat' dir='ltr'>genitricem</span> <span class='ocrx_word' id='word_1_416' title='bbox 1417 2694 1487 2734; x_wconf 90' lang='lat' dir='ltr'>dei</span> <span class='ocrx_word' id='word_1_417' title='bbox 1530 2694 1747 2734; x_wconf 87' lang='lat' dir='ltr'>credimus</span> <span class='ocrx_word' id='word_1_418' title='bbox 1781 2709 1788 2734; x_wconf 94' lang='lat'>:</span> <span class='ocrx_word' id='word_1_419' title='bbox 1825 2694 1916 2733; x_wconf 89' lang='lat' dir='ltr'>eius</span> 
     </span>
     <span class='ocr_line' id='line_1_88' title="bbox 1119 2751 1916 2805; baseline -0.004 -12"><span class='ocrx_word' id='word_1_420' title='bbox 1119 2752 1237 2805; x_wconf 88' lang='lat' dir='ltr'>apud</span> <span class='ocrx_word' id='word_1_421' title='bbox 1266 2758 1310 2792; x_wconf 91' lang='lat' dir='ltr'>te</span> <span class='ocrx_word' id='word_1_422' title='bbox 1339 2751 1708 2791; x_wconf 82' lang='lat' dir='ltr'>intercessionibus</span> <span class='ocrx_word' id='word_1_423' title='bbox 1738 2752 1916 2791; x_wconf 74' lang='lat' dir='ltr'>adiuue-</span> 
     </span>
     <span class='ocr_line' id='line_1_89' title="bbox 1119 2810 1567 2863; baseline -0.004 -13"><span class='ocrx_word' id='word_1_424' title='bbox 1119 2824 1217 2850; x_wconf 91' lang='lat' dir='ltr'>mur</span> <span class='ocrx_word' id='word_1_425' title='bbox 1240 2826 1246 2849; x_wconf 91' lang='lat'><strong>:</strong></span> <span class='ocrx_word' id='word_1_426' title='bbox 1269 2823 1346 2863; x_wconf 86' lang='lat' dir='ltr'>pei·</span> <span class='ocrx_word' id='word_1_427' title='bbox 1367 2810 1567 2849; x_wconf 87' lang='lat' dir='ltr'>eundem.</span> 
     </span>
    </p>
   </div>
   <div class='ocr_carea' id='block_1_14' title="bbox 1259 2975 1481 3019">
    <p class='ocr_par' dir='ltr' id='par_1_15' title="bbox 1259 2975 1481 3019">
     <span class='ocr_line' id='line_1_90' title="bbox 1259 2975 1481 3019; baseline 0 -10"><span class='ocrx_word' id='word_1_428' title='bbox 1259 2975 1269 2995; x_wconf 63' lang='lat'>&#39;³</span> <span class='ocrx_word' id='word_1_429' title='bbox 1296 2977 1382 3009; x_wconf 71' lang='lat' dir='ltr'>vide</span> <span class='ocrx_word' id='word_1_430' title='bbox 1399 2986 1431 3019; x_wconf 88' lang='lat' dir='ltr'>p.</span> <span class='ocrx_word' id='word_1_431' title='bbox 1456 2986 1481 3010; x_wconf 87' lang='lat'>1.</span> 
     </span>
    </p>
   </div>
  </div>
 </body>
</html>
