1981 3248
813 158 835 188 l
840 158 1001 189 (JAf'lcv‘S.

74 231 264 285 ipsorum
287 247 470 286 corpora
490 232 691 274 vehiculo
714 232 874 282 delata,

73 288 207 330 noc'izu
240 291 282 330 in
314 291 385 331 via
419 291 644 331 Labicana
666 291 795 331 tertio
818 292 874 331 ab

73 347 177 387 vrbe
199 348 402 388 milliario
425 348 634 401 sepeliuit.

118 441 162 485 ds
195 439 425 480 Barnabas
454 440 657 493 apostolus
687 440 838 492 duplex

396 498 550 538 maius.

394 566 553 607 Oratio.

79 635 269 716 DEus,
297 635 371 688 qui
399 650 479 676 nos
508 635 625 676 beati
656 635 870 676 Barnabae

192 693 373 746 apostoli
395 693 457 733 tui
481 694 646 734 meritis
673 699 717 733 et
740 694 871 734 inter-

70 751 252 790 cesslone
284 750 483 791 laetificas
515 766 522 791 ε
549 751 741 791 concede
771 765 871 804 pro-

69 808 215 860 pitius,
237 814 285 848 vt
311 809 385 861 qui
415 809 506 849 eius
529 808 743 849 beneficia
774 809 870 862 pos-

69 866 208 905 cimus
240 867 358 906 dono
398 872 487 906 tuae
528 867 681 919 gratiae
722 867 869 907 conse-

69 937 257 976 quamur
281 939 289 964 ε
312 938 390 977 per
411 930 492 965 etc.

341 1024 484 1065 Leffiz'o
505 1023 599 1078 jis.

78 1090 301 1172 {Osssph²›
332 1093 404 1146 qui
438 1093 776 1146 cognominatus
808 1093 868 1133 est

152 1150 388 1199 Barnabas,
451 1151 630 1191 natione
691 1152 867 1203 cyprius

67 1208 123 1247 ad
151 1207 428 1248 christianum
461 1209 626 1261 dogma
659 1209 866 1261 gentibus

69 1279 168 1305 cum
188 1266 324 1305 Paulo
342 1267 672 1318 praedicandum
689 1267 731 1306 in
748 1266 868 1319 apos-

69 1322 257 1363 tolatum
281 1330 407 1363 extra
425 1324 659 1364 duodecim
678 1324 868 1376 assump-

67 1386 138 1419 tus
173 1380 242 1420 est.
307 1381 392 1421 Hic
427 1395 595 1434 agrum,
625 1395 756 1434 quem
790 1381 866 1422 ha-

68 1437 429 1487 bebat‚vendidit,
440 1446 483 1478 et
498 1439 645 1479 attulit
660 1439 867 1492 precium,

68 1502 112 1535 et
129 1495 272 1548 posuit
289 1503 390 1536 ante
409 1497 544 1548 pedes
560 1497 865 1549 apostolorum.

70 1552 157 1605 Qui
199 1567 298 1593 cum
337 1554 482 1594 missus
524 1553 549 1594 a
592 1554 866 1606 Ierosolyini-

68 1618 171 1651 tana
188 1611 361 1651 ecclesia
377 1612 709 1665 euangelizandi
725 1612 866 1664 gratia

67 1668 354 1709 Antiochiam
378 1670 648 1722 peruenisset,
666 1670 738 1709 vbi
756 1683 866 1722 grae-

66 1740 217 1766 corum
249 1725 449 1780 aliquod³
480 1728 767 1776 crediderant,
804 1728 866 1767 vi-

68 1784 279 1836 dissetque
330 1785 517 1837 gratiam
569 1785 651 1834 dei,
692 1785 865 1837 gauisus

66 1841 136 1890 est,
160 1848 203 1882 et
225 1842 484 1882 hortabatur
508 1856 661 1882 omnes
691 1843 734 1882 in
767 1857 865 1895 pro-

66 1900 204 1952 posito
236 1901 380 1940 cordis
417 1913 672 1953 permanere
709 1901 752 1940 in
788 1901 865 1940 do-

68 1957 200 2006 mino,
242 1959 344 2010 quia
385 1964 478 1998 erat
519 1959 585 1998 vir
626 1958 780 2006 bonus,
822 1964 865 1998 et

67 2014 215 2067 spiritu
244 2013 391 2055 sanSm
419 2029 469 2055 ac
497 2015 584 2055 fide
616 2016 784 2068 plenus.
821 2022 865 2056 et

67 2073 263 2126 apposita
315 2073 374 2113 est
430 2073 570 2113 multa
631 2073 759 2113 turba
822 2074 863 2113 in

68 2130 260 2170 domino.
306 2129 530 2170 Profe6³ms
549 2131 652 2170 inde
670 2130 866 2178 Tarsum,

66 2194 114 2228 vt
155 2194 369 2240 quaereret
416 2188 612 2236 Saulum,
655 2189 866 2241 perduxit

68 2245 206 2298 ipsum
259 2245 558 2294 Antiochiam,
603 2251 647 2285 et
699 2259 864 2285 annum

67 2308 210 2342 totum
241 2302 479 2342 conuersati
504 2302 599 2342 sunt
630 2303 688 2342 ibi
722 2303 763 2342 in
797 2317 865 2342 ec-

67 2360 202 2408 clesia,
226 2366 268 2400 et
290 2361 533 2399 docuerunt
556 2360 730 2400 turbam
755 2360 866 2400 mul-

66 2424 171 2466 tam,
193 2418 253 2457 ita
275 2424 321 2457 vt
344 2418 758 2470 cognominarentur
780 2418 866 2470 pri-

68 2489 189 2515 mum
217 2475 465 2515 Antiochiae
487 2475 682 2527 discipuli
704 2475 866 2515 christi-

68 2534 150 2572 ani.
204 2532 291 2585 Qui
309 2532 517 2585 discipuli,
536 2539 665 2585 prout
685 2533 865 2586 quisque

67 2590 271 2640 habebat,
300 2590 615 2643 proposuerunt
647 2591 689 2630 in
721 2590 865 2630 minis-

67 2649 225 2688 terium
264 2648 437 2687 mittere
477 2648 779 2688 habitantibus
822 2649 864 2687 in

71 2706 223 2746 Iudaea
264 2705 478 2746 fratribus.
546 2705 677 2757 Quod
721 2712 763 2745 et
805 2705 864 2745 fc-

69 2769 220 2803 cerunt
243 2763 467 2803 mittentes
496 2764 550 2803 ad
576 2763 762 2803 seniores
790 2776 866 2816 per

139 2909 146 2929 ¹
177 2908 235 2942 die
255 2908 288 2942 ii.
311 2909 348 2941 ln
369 2919 413 2941 m.
475 2918 508 2941 Η
539 2921 543 2942 ;
567 2910 606 2942 R.
628 2910 662 2943 P.
680 2909 723 2943 A.

139 2955 151 2975 ²
181 2955 354 2999 Iosephus
380 2967 385 2989 2
410 2956 447 2988 1-1.
470 2956 563 2989 1’.Λ.

1667 159 1743 201 133

944 248 1101 274 manus
1131 235 1359 285 Barnabae,
1382 242 1425 277 et
1459 237 1591 279 Sauli.
1655 238 1742 291 Qui

942 292 1125 343 expleto
1155 293 1391 334 ministerio
1414 296 1566 335 reuersl
1590 296 1685 336 sunt
1717 296 1743 337 a

944 349 1221 402 lerosolymis
1237 351 1453 404 assumpto
1472 353 1650 401 Ioanne,
1666 356 1740 407 qui

941 408 1279 459 cognominatus
1298 409 1357 449 est
1377 409 1562 450 Marcus.
1600 412 1740 451 Erant

941 470 1089 504 autem
1152 465 1195 505 in
1257 466 1445 516 ecclesia,
1495 481 1595 520 quae
1647 475 1741 509 erat

939 520 1204 572 Antiochiae,
1222 523 1449 576 prophetae
1465 531 1507 565 et
1525 524 1739 574 doctores,

940 579 983 618 in
1016 580 1173 632 quibus
1211 581 1438 622 Barnabas
1481 588 1523 622 et
1567 583 1738 625 Saulus

941 636 1289 678 Ministrantibus
1312 645 1460 680 autem
1490 639 1574 680 illis
1597 641 1739 681 domi-

940 708 997 733 no
1020 700 1062 734 et
1085 695 1383 736 ieiunantibus
1406 698 1522 737 dixit
1547 698 1737 750 Spiritus

939 751 1122 799 sanetus,
1149 753 1389 806 Segregate
1412 755 1518 795 mihi
1553 756 1736 796 Saulum

938 815 981 849 et
1015 810 1264 851 Barnabam
1298 813 1340 851 in
1378 826 1489 865 opus
1525 814 1581 853 ad
1618 815 1736 866 quod

937 867 1136 920 assumpsi
1178 882 1267 909 eos.
1329 870 1455 910 Tunc
1492 870 1736 911 ieiunantes

938 930 982 965 et
1030 932 1217 974 orantes,
1266 928 1628 981 imponentesque
1674 930 1736 969 eis

938 995 1105 1031 manus,
1129 984 1382 1025 dimiserunt
1409 985 1514 1026 illos.
1579 987 1638 1026 Et
1660 987 1736 1038 ipfi

907 1041 1115 1092 ,quidem
1163 1043 1268 1082 misfi
1312 1041 1337 1082 a
1380 1043 1545 1095 Spiritu
1588 1043 1737 1085 saneto

937 1099 1139 1139 abierunt
1172 1099 1431 1149 Seleuciam,
1453 1107 1497 1141 et
1524 1102 1625 1142 inde
1649 1102 1737 1154 Cy-

937 1169 1064 1209 prum
1083 1170 1090 1197 :
1107 1157 1350 1210 multasque
1365 1165 1577 1210 praeterea
1586 1159 1712 1200 vrbes
1730 1175 1737 1200 :

935 1228 985 1253 ac
1009 1214 1207 1266 regiones
1227 1229 1324 1255 cum
1345 1230 1507 1268 magno
1525 1218 1736 1269 praedica-

935 1272 1066 1311 tionis
1084 1271 1282 1325 profffllu
1301 1281 1599 1326 peragrarunt.
1636 1275 1736 1315 Pos-

935 1335 1077 1369 tremo
1111 1330 1336 1370 Barnabas
1371 1330 1396 1371 a
1429 1332 1566 1372 Paulo
1602 1332 1735 1372 disce-

934 1387 1042 1426 dens
1080 1388 1135 1427 ad
1175 1388 1371 1440 Cyprum
1409 1390 1635 1442 nauigauit
1673 1390 1735 1430 as-

935 1444 1108 1497 sumpto
1142 1445 1303 1485 Marco.
1366 1446 1455 1486 Vbi
1493 1448 1607 1487 circa
1644 1448 1735 1500 sep-

935 1502 1092 1542 timum
1118 1503 1305 1543 Neronis
1335 1517 1499 1544 annum
1534 1506 1733 1558 martyrij

935 1573 1142 1600 coronam
1166 1560 1226 1601 est
1255 1561 1442 1614 adeptus
1474 1563 1604 1603 tertio
1637 1564 1735 1603 idus

937 1617 1064 1669 Iunij.

970 1720 1015 1764 ᾧ
1050 1717 1269 1758 Antonius
1289 1718 1497 1771 confesfhr.

1257 1777 1383 1816 tertia
1392 1777 1414 1818 ⁴.

935 1842 1188 1925 AAXNtonius
1204 1845 1596 1898 nationehispanus
1606 1847 1735 1899 Vlys-

1042 1902 1202 1954 slponae
1221 1909 1349 1942 natus
1367 1917 1465 1943 cum
1482 1904 1734 1944 adolescens

934 1959 1078 1999 adhuc
1108 1960 1211 1999 esset
1243 1961 1480 2001 canonicus
1512 1962 1732 2013 regularis,

934 2017 1086 2057 audito
1110 2018 1321 2070 martyrio
1344 2020 1621 2070 quorundam
1641 2034 1733 2060 mo-

935 2074 1174 2114 nachorum
1199 2089 1256 2114 ex
1275 2076 1427 2116 ordine
1445 2074 1577 2116 san&i
1598 2077 1733 2117 Fran-

935 2132 1031 2171 cisci
1061 2133 1116 2172 ad
1150 2133 1426 2173 Marochium
1456 2134 1733 2175 Mauritaniae

933 2189 1085 2229 vrbem
1118 2190 1367 2239 occisorum,
1396 2192 1585 2231 eundem
1619 2193 1734 2232 ordi-

935 2260 1036 2286 nem
1090 2245 1223 2287 san&i
1267 2248 1480 2287 Francisci
1523 2249 1733 2301 professus

935 2310 978 2344 et
1015 2304 1191 2343 licentia
1223 2305 1504 2357 praelatorum
1534 2307 1728 2356 obtenta,

936 2361 1130 2413 martyrij
1152 2363 1349 2414 cupidus,
1371 2362 1600 2403 Saracenis
1623 2379 1733 2417 prae-

935 2419 1157 2458 dicaturus
1209 2420 1356 2459 nauim
1408 2420 1612 2470 ascendit,
1661 2422 1732 2461 sed

933 2477 1017 2516 deo
1036 2476 1160 2516 aliter
1182 2477 1413 2517 ordinante
1436 2479 1477 2517 vi
1501 2479 1733 2532 tempesta—

933 2534 989 2573 tis
1022 2533 1266 2586 prohibitus
1297 2534 1367 2575 est.
1430 2536 1649 2576 Caeterum
1684 2543 1732 2577 vt

934 2592 1354 2643 consanguineorum
1398 2598 1441 2632 et
1489 2595 1729 2634 amicorum

935 2649 1254 2701 impedimenta
1284 2650 1452 2696 vitaret,
1478 2651 1520 2691 in
1556 2651 1731 2692 Italiam

933 2707 1063 2746 venit.
1128 2705 1215 2758 Qui
1238 2720 1337 2746 cum
1362 2708 1601 2760 aliquando
1625 2709 1730 2749 iussu

934 2763 1154 2817 pontificis
1178 2764 1337 2804 Romae
1360 2767 1598 2819 peregrinis
1621 2767 1733 2807 mul-

1557 1719 1593 1759 L
1601 1719 1702 1760 εέῖιό

1007 2909 1019 2927 ⁷³
1046 2910 1184 2954 aliquot
1210 2922 1215 2944 :
1237 2911 1277 2944 R.
1302 2912 1337 2944 Γ.
1355 2912 1396 2945 Α.

1007 2955 1018 2973 ⁴
1045 2957 1103 2990 dic
1122 2967 1176 3000 ·¹3
1197 2957 1236 2989 sn
1256 2969 1301 2992 m.
