1981 3248
831 148 1125 182 IANUARIUS.

150 225 381 279 euangelij,
419 225 466 266 Si
507 225 572 266 vis
609 222 827 277 perfectus
866 224 949 264 esse

148 285 291 324 vende
322 284 483 332 omnia,
511 296 612 336 quae
643 281 792 330 habes,
817 287 861 322 et
892 282 950 322 da

149 341 428 394 pauperibus,
468 340 591 381 velut
631 353 683 380 ea
723 340 799 379 fibi
845 345 952 379 tunc

149 398 426 452 peculiariter
463 395 583 439 dicta
628 397 952 449 interpretatus,

149 455 354 497 omnibus
392 455 475 496 suis
511 455 835 508 possessionibus
869 453 952 494 dis-

148 511 312 563 tractis,
352 513 542 566 pretium
583 512 800 553 distribuit
844 525 951 565 pau-

149 571 338 625 peribus,
375 570 551 624 ipseque
582 570 626 610 in
658 569 824 610 vastam
861 568 953 609 Ae-

148 628 277 682 gypti
314 628 591 669 solitudinem
629 627 802 669 recessit.
863 626 953 666 Vbi

150 699 285 739 quam
307 685 519 739 plurimos
541 698 682 726 annos
709 683 952 725 incredibili

150 743 412 797 parsimonia
452 749 496 784 et
543 741 773 783 sancfftitate
813 743 952 782 vitam

150 802 272 854 gesfit
293 801 370 841 vix
396 800 651 841 humanam.
683 800 796 852 saepe
819 798 844 840 a
865 800 954 840 dae-

151 859 356 899 monibus
379 858 453 912 ipsi
480 856 814 899 sanetimoniam
844 857 952 897 inui-

152 917 358 957 dentibus
398 916 529 969 varijs
571 916 836 968 imaginibus
888 915 953 954 in-

152 974 342 1015 festatus.
383 988 493 1027 quos
535 973 623 1026 ipse
670 987 755 1026 ope
802 973 954 1013 diuina

152 1031 285 1072 fretus
308 1038 400 1072 tam
430 1031 681 1072 constanter
708 1031 952 1083 spernebat,

151 1096 198 1130 vt
220 1089 428 1142 conuicijs
452 1095 495 1129 et
517 1090 604 1129 iam
634 1094 678 1129 et
707 1086 953 1129 malediffifis

152 1147 490 1200 persequeretur,
542 1146 815 1199 exprobrans
870 1145 953 1185 illis

153 1205 501 1245 imbecillitatem
517 1204 559 1244 in
575 1218 661 1252 eos,
676 1218 786 1256 quos
805 1204 955 1243 diuina

152 1263 295 1315 gratia
335 1276 423 1302 non
464 1262 728 1302 destituisset.
797 1261 954 1313 Itaque

152 1326 280 1360 tanto
331 1320 418 1360 iam
470 1319 621 1359 terrori
676 1319 954 1359 daemonibus

154 1384 247 1418 erat
270 1377 382 1430 saepe
412 1376 436 1417 a
465 1377 506 1417 se
534 1375 730 1424 deuiffis,
754 1383 801 1417 vt
828 1376 955 1416 multi

154 1448 232 1488 per
273 1435 537 1488 Aegyptum
579 1434 636 1474 ab
678 1434 762 1474 illis
800 1434 955 1487 agitati

154 1493 333 1533 nomine
366 1491 553 1544 Antonij
590 1492 716 1545 super
747 1491 859 1544 ipsos
892 1491 955 1531 in-

155 1556 314 1590 uocato
336 1550 635 1590 liberarentur.
699 1549 817 1589 Huic
841 1549 956 1590 Con-

154 1607 367 1647 stantinus
402 1608 641 1660 imperator
677 1607 729 1655 se,
764 1613 807 1647 et
844 1606 955 1646 filios

154 1679 232 1718 per
253 1665 420 1705 litteras
443 1665 786 1713 commendauit,
808 1670 854 1705 vt
876 1678 955 1717 pro

154 1724 215 1763 eis
238 1723 418 1763 domino
442 1722 714 1776 supplicaret.
779 1723 850 1762 Ita
877 1722 956 1761 mi-

154 1780 310 1821 raculis
333 1780 474 1820 clarus
496 1793 661 1820 annum
685 1793 820 1832 agens
842 1779 957 1820 vltra

154 1838 437 1879 centefimum
461 1836 486 1878 a
507 1838 598 1878 vita
628 1837 833 1891 migrauit
854 1837 957 1891 xvj.

154 1895 360 1937 calendas
385 1896 420 1936 F
423 1895 622 1949 ebruarij.

154 1980 199 2025 ΙΙ
221 1976 447 2018 Fabianus
463 1982 591 2028 papa,
614 1981 656 2015 et
683 1974 959 2028 Sebastianus

279 2040 490 2086 martyres
510 2033 665 2085 duplex
685 2033 838 2073 minus.

479 2103 641 2144 Oratio.

164 2173 508 2254 INfirmitatem
547 2170 759 2212 nostram1
796 2172 957 2225 respice

237 2231 516 2284 omnipotens
534 2231 653 2280 deus,
668 2236 711 2270 et
729 2230 831 2282 quia
849 2244 957 2282 pon-

155 2288 237 2328 dus
252 2289 438 2341 propriae
454 2286 639 2328 acftionis
657 2294 812 2340 grauat
830 2303 838 2327 ε
856 2288 956 2327 bea-

155 2351 301 2385 torum
319 2352 561 2398 martyrum
577 2351 752 2385 tuorum
772 2345 956 2385 Fabiani

156 2410 199 2443 et
228 2403 482 2451 Sebastiani,
507 2403 744 2442 intercessio
773 2402 958 2455 gloriosa

156 2474 236 2501 nos
257 2466 462 2514 protegat
488 2474 495 2501 :
518 2474 595 2513 per
617 2466 696 2501 etc.

393 2545 538 2586 Lec‘z‘z'o
560 2545 688 2586 tertia
696 2543 721 2587 ².

161 2618 439 2700 FAbianus
481 2619 622 2672 patria
665 2620 895 2659 Romanus
933 2617 959 2659 a

259 2676 482 2717 Gordlano
505 2683 548 2717 et
573 2676 775 2730 Philippo
793 2677 848 2717 ad
869 2677 957 2716 De-

157 2735 272 2775 cium
310 2734 619 2787 imperatorem
653 2734 856 2788 pontifex
890 2747 957 2774 ec-

227 2856 239 2878 1
266 2856 326 2890 die
345 2866 397 2890 20.
422 2857 482 2891 lzz'c
497 2858 538 2891 in
558 2868 602 2891 m.
627 2858 664 2890 P.

229 2903 242 2924 2
268 2904 327 2937 die
347 2913 399 2937 20.
422 2905 460 2936 in
479 2915 525 2938 m.
549 2905 596 2939 R.
612 2905 653 2939 V.
672 2904 713 2940 A.
754 2904 832 2939 Hic
847 2904 959 2938 ctiam

160 2951 198 2984 in
220 2951 256 2984 P.
278 2951 487 2995 dupliciter.

1743 145 1822 187 107

1018 223 1154 264 clesiae
1176 222 1361 277 praefuit.
1427 223 1514 263 Hic
1536 222 1701 276 septem
1730 223 1821 264 dia-

1018 282 1139 322 conis
1171 281 1370 334 regiones
1400 280 1554 330 diuifit‚
1581 282 1655 333 qui
1687 280 1713 321 a
1744 295 1821 321 no-

1018 338 1141 391 tarijs
1178 352 1245 379 res
1279 342 1521 390 martyrum
1553 338 1694 390 gestas
1727 338 1822 378 scri-

1019 395 1238 444 bentibus,
1253 395 1520 448 colligerent.
1555 395 1821 448 Statuitque,

1018 459 1067 495 vt
1103 453 1280 506 singulis
1316 453 1442 493 annis
1483 453 1527 493 in
1569 453 1641 493 die
1683 467 1822 493 coenae

1020 511 1189 552 domini
1226 510 1411 551 chrisma
1445 516 1737 551 renouaretur.
1772 524 1824 551 ac

1020 574 1146 609 vetus
1187 566 1487 609 comburetur³
1539 568 1582 608 in
1634 567 1822 608 ecclefia.

1024 626 1169 667 Huius
1199 632 1401 679 tempore
1433 631 1529 666 orta
1560 625 1620 666 est
1651 625 1823 666 haerefis

1022 683 1204 737 Nouatij
1241 684 1459 724 Romanae
1491 683 1678 723 ecclesiae
1710 683 1825 735 pres-

1021 741 1177 794 byteri,
1200 741 1403 795 negantis
1435 741 1656 794 apostatas
1689 741 1823 782 etiam

1021 799 1289 852 poenitentes
1312 799 1369 839 ab
1391 798 1568 839 ecclefia
1590 798 1721 851 recipi
1749 799 1825 839 de-

1022 857 1137 897 bere.
1221 857 1311 898 Sed
1353 862 1622 909 congregato
1665 857 1823 896 Romae

1021 914 1207 954 concilio
1248 914 1319 955 .lx.
1362 914 1675 967 episcoporum,
1721 915 1824 954 toti-

1021 973 1212 1025 demque
1234 972 1590 1025 presbyterorum
1614 985 1714 1012 cum
1732 972 1825 1011 dia-

1021 1030 1142 1070 conis
1179 1029 1480 1083 compluribus
1518 1029 1612 1069 haec
1653 1029 1823 1070 haerefis

1022 1087 1262 1128 nouatiana
1289 1088 1502 1128 damnata
1532 1087 1625 1136 fuit,
1651 1093 1694 1127 et
1723 1101 1823 1127 cum

1022 1145 1117 1196 alijs
1133 1159 1250 1185 error
1264 1159 1440 1198 quoque
1458 1144 1822 1186 Helchesatarum

1022 1203 1299 1243 asserentium
1322 1216 1409 1243 non
1440 1203 1523 1243 esse
1545 1202 1822 1243 criminosum

1022 1261 1065 1300 in
1084 1261 1314 1301 tormentis
1333 1260 1551 1302 Christum
1565 1258 1825 1301 vocetenus⁴

1022 1318 1079 1358 ab
1116 1332 1168 1358 eo
1204 1319 1367 1371 negari,
1404 1318 1478 1371 qui
1516 1317 1648 1358 corde
1684 1318 1823 1371 ipsum

1023 1375 1314 1417 confiteretur.
1377 1376 1598 1416 Fabianus
1635 1375 1825 1428 denique

1024 1433 1128 1485 xiij,
1146 1433 1351 1474 calendas
1372 1433 1594 1485 Februarij
1613 1434 1825 1486 martyrio

1024 1498 1258 1531 coronatus
1291 1492 1334 1531 in
1371 1491 1625 1531 coemeterio
1659 1491 1823 1532 Callisti

1023 1549 1094 1589 via
1115 1548 1267 1602 Appia
1290 1548 1505 1602 sepelitur,
1527 1562 1627 1589 cum
1658 1548 1826 1589 sedisset

1023 1620 1162 1647 annos
1184 1606 1304 1659 .xiiij.
1327 1606 1493 1647 menses
1516 1606 1590 1659 .xj.
1614 1607 1708 1647 dies
1731 1606 1803 1659 ‚xj.

1100 1696 1362 1737 Ebastianus
1384 1697 1492 1737 ciuis
1521 1696 1826 1738 Mediolanen-

1127 1754 1189 1803 fis,
1207 1755 1278 1795 sed
1298 1755 1524 1796 Narbonae
1541 1761 1676 1804 ortus,
1693 1755 1761 1795 vel
1779 1761 1826 1795 vt

1024 1812 1095 1864 alij
1122 1813 1304 1853 tradunt
1325 1813 1546 1859 oriundus,
1569 1813 1634 1853 vir
1655 1812 1825 1861 nobilis,

1025 1876 1069 1911 et
1092 1871 1345 1923 imperatori
1362 1870 1640 1911 Diocletiano
1655 1870 1824 1920 charus,

1025 1928 1268 1981 primaeque
1298 1927 1491 1968 cohortis
1523 1927 1690 1975 duffwr,
1715 1929 1825 1969 mul-

1025 1992 1095 2026 tos
1136 1985 1465 2026 christianorum
1507 1986 1550 2026 in
1592 1988 1824 2027 tormentis

1026 2042 1280 2084 deficientes
1309 2049 1401 2084 tam
1434 2043 1604 2084 fortiter
1634 2050 1678 2084 et
1707 2044 1825 2084 sanc-

1026 2107 1071 2141 te
1094 2101 1136 2141 in
1156 2100 1241 2141 fide
1260 2100 1538 2142 confirmauit
1564 2117 1571 2142 :
1595 2108 1642 2142 vt
1659 2109 1825 2154 marty-

1027 2159 1138 2199 rium
1161 2158 1409 2199 constanter
1430 2158 1650 2199 subierint.
1703 2159 1825 2213 Quo-

1028 2230 1123 2256 rum
1161 2216 1282 2257 suere
1317 2216 1506 2264 Marcus,
1528 2222 1572 2257 et
1605 2217 1824 2257 Marcelli-

1027 2287 1136 2314 anus
1159 2273 1324 2323 fratres,
1346 2274 1419 2326 qui
1444 2274 1600 2314 Romae
1623 2274 1666 2313 in
1690 2274 1824 2315 domo

1028 2331 1262 2371 Nicostrati
1304 2329 1439 2371 vincti
1485 2331 1824 2380 asseruabantur‚

1027 2389 1149 2429 cuius
1180 2388 1414 2429 Nicostrati
1443 2403 1557 2428 vxor
1584 2403 1674 2437 zoe,
1695 2403 1825 2429 exor-

1025 2452 1129 2486 ante
1180 2446 1312 2486 deum
1366 2446 1621 2487 Sebastiano
1670 2461 1823 2487 vocem

1027 2510 1130 2544 ante
1178 2503 1253 2543 sex
1305 2517 1444 2544 annos
1494 2518 1572 2557 per
1622 2505 1823 2545 morbum

1027 2561 1224 2602 amissam
1257 2562 1430 2614 recepit.
1492 2560 1664 2614 Quibus
1696 2562 1824 2602 rebus

1027 2620 1216 2672 cognitis
1259 2618 1564 2659 Diocletianus
1608 2619 1825 2660 Sebastia-

1027 2690 1132 2716 num
1165 2677 1221 2717 ad
1255 2676 1294 2716 se
1325 2682 1464 2725 vocat,
1502 2682 1546 2717 et
1582 2677 1826 2730 grauissime

1028 2735 1301 2787 increpatum
1334 2735 1455 2774 omni
1487 2734 1657 2775 ratione
1685 2733 1710 2775 ἐι
1737 2734 1824 2775 fide

1097 2857 1110 2879 3
1136 2857 1413 2892 combureretur
1437 2869 1442 2891 :
1463 2858 1505 2892 R.
1529 2858 1565 2891 P.
1582 2857 1624 2891 A.

1098 2904 1110 2926 '¹
1137 2911 1349 2940 vocetemus
1372 2916 1377 2938 :
1399 2905 1441 2938 A.
