1981 3248
178 177 232 221 54
690 181 946 213 DOMJNJCA
980 181 1053 212 DE
1086 179 1339 212 PASSJONE.

238 260 340 300 Hoc
365 273 477 313 opus
502 258 657 299 nostrae
681 257 831 299 salutis
860 257 984 299 Ordo

178 317 494 371 depoposcerat
512 331 520 358 ε
539 316 824 357 Multiformis
839 316 985 370 prodi-

180 376 288 416 toris
316 375 404 416 Ars
434 382 481 416 vt
512 381 652 416 artem
686 374 855 414 falleret
886 390 894 415 :
924 374 984 414 Et

180 433 400 474 medelam
425 433 556 474 ferret
582 433 684 473 inde
713 432 846 472 hostis
867 432 985 473 vnde

180 491 364 532 laeserat.

240 549 432 602 Quando
507 548 628 589 venit
702 562 807 601 ergo
879 547 983 587 sacri

182 606 417 648 Plenitudo
449 607 661 660 temporis
698 622 706 647 z
739 606 891 646 Missus
924 605 984 646 est

180 665 236 705 ab
265 679 363 705 arce
397 665 533 718 patris
566 665 710 705 Natus
740 665 858 704 orbis
881 677 983 703 con-

181 723 298 763 ditor
342 736 350 764 :
392 722 546 775 Atque
587 729 739 763 ventre
781 721 984 774 virginali

182 781 295 822 Caro
318 778 459 821 sactus
481 780 656 833 prodijt.

239 839 377 892 Vagit
407 839 550 878 infans
580 839 693 878 inter
719 836 840 878 arcta
868 837 984 879 Con-

180 897 298 937 ditus
329 896 540 949 praesepia
563 912 570 937 :
595 897 798 937 Membra
827 896 984 948 pannis

180 954 379 995 inuoluta
420 954 558 1007 Virgo
601 960 742 994 mater
782 954 935 1006 alligat
979 969 986 993 :

182 1012 240 1053 Et
264 1026 420 1052 manus
443 1012 662 1065 pedesque
685 1026 810 1052 crura
840 1009 985 1052 stricta

179 1070 317 1123 cingit
340 1070 479 1112 fascia.

240 1128 391 1168 Gloria
434 1134 477 1168 et
514 1127 656 1167 honor
692 1128 777 1168 deo
815 1127 983 1180 Vsque-

180 1200 268 1239 quo
291 1186 492 1226 altissimo
516 1201 523 1225 :
545 1186 646 1225 Vna
669 1186 782 1238 patri
806 1185 985 1238 filioque

182 1243 358 1296 Inclyto
391 1243 614 1296 paracleto
650 1257 658 1284 t
690 1243 771 1284 Cui
800 1243 894 1283 laus
925 1243 985 1283 est

180 1308 224 1342 et
253 1301 445 1354 potestas
479 1302 560 1342 Per
589 1301 801 1342 immensa
834 1300 986 1341 secula.

179 1359 342 1400 Amen.

288 1454 332 1498 Q]
356 1450 431 1490 Ex
455 1450 600 1503 chest
609 1448 630 1490 ¹.
662 1449 807 1490 Ledio
829 1450 869 1503 j.

187 1532 378 1614 NVnc
413 1545 517 1584 ergo
552 1532 783 1584 prouideat
813 1546 891 1572 rex
922 1533 987 1572 vi-

309 1591 633 1630 rum...malum
677 1591 837 1643 inopiae
875 1597 986 1631 tem-

180 1654 398 1701 perarent.

180 1736 224 1781 Ἠ
264 1732 509 1774 Secundum
550 1733 831 1775 Marthama?

515 1798 572 1831 llo
595 1806 651 1844 J]-

884 1735 920 1774 L
927 1749 987 1774 ec-

271 1865 309 1905 T
333 1864 498 1905 factum
530 1866 589 1906 est
618 1881 626 1907 :
652 1880 751 1906 cum
786 1867 986 1907 consum-

302 1924 454 1963 masset
489 1924 608 1964 Iesus
642 1924 862 1964 sermones
904 1925 985 1965 hos

181 1981 612 2022 omnes...Similiter
643 1988 686 2022 et
719 1996 873 2022 omnes
903 1983 986 2023 dis-

181 2039 313 2091 cipuli
337 2040 557 2080 dixerunt.

503 2125 556 2166 O]
559 2133 665 2166 [Illo

185 2199 508 2300 OVaesumus
550 2201 834 2253 omnipotens
877 2201 985 2241 deus

310 2257 429 2297 famil
420 2258 521 2297 liam
585 2264 707 2298 tuam
769 2260 986 2311 propitius

181 2315 343 2368 respice
374 2331 382 2356 ε
416 2322 462 2356 vt
494 2322 537 2356 te
567 2315 781 2369 largiente
810 2324 987 2370 regatur

184 2373 228 2412 in
262 2387 443 2425 coipore
477 2389 484 2414 ε
517 2380 559 2414 et
589 2349 657 2414 teb
666 2350 882 2415 seruanteb
896 2375 985 2415 cus-

181 2431 378 2471 todiatur
400 2432 442 2471 in
468 2439 616 2472 mente
639 2447 647 2472 ε
672 2446 757 2485 per.

296 2516 379 2556 Ad
397 2517 595 2570 vcsperas.
653 2518 868 2570 fflsmnns.

274 2591 422 2631 Exilia
442 2593 553 2645 regis
572 2592 803 2644 prodeunt,
825 2592 986 2645 Fulget

301 2649 440 2688 crucis
457 2650 708 2702 mysterium
721 2666 727 2691 :
741 2650 841 2702 Quo
857 2665 986 2691 carne

182 2706 324 2804 cabrnlis
348 2708 551 2748 conditor
568 2708 809 2761 Suspensus
827 2708 886 2749 est
909 2723 985 2762 pa-

182 2770 214 2803 t1
252 2779 275 2803 u
299 2778 335 2806 O.

251 2896 364 2942 1[xli.
384 2897 549 2944 33—57]

249 2943 353 2979 2Ca.
375 2947 419 2979 26
437 2957 476 2979 m
496 2958 541 2979 m.
562 2945 667 2991 [xxvi.
694 2946 832 2993 1—35.]

250 2991 263 3012 3
290 2992 353 3026 Ca
385 3002 429 3035 42
457 2994 498 3027 in
526 3005 572 3028 m
602 2992 688 3038 [xlii.
724 3005 809 3029 1—2
817 2994 850 3040 5]
879 3000 915 3030 el
943 2998 983 3030 in

1112 257 1215 310 Quo
1251 257 1505 297 vulneratus
1543 256 1716 310 insuper
1755 257 1855 297 Mu-

1053 329 1185 355 crone
1236 315 1331 355 diro
1381 315 1546 355 lanceae
1603 331 1611 356 :
1661 315 1723 355 Vt
1774 328 1854 354 nos

1054 373 1223 413 lauaret
1266 373 1460 422 crimine,
1494 372 1698 413 Manauit
1739 373 1856 413 vnda

1053 431 1274 483 sanguine.

1113 489 1306 541 Impleta
1358 488 1455 528 sunt
1506 501 1606 541 quae
1659 487 1853 528 concinit

1053 547 1200 587 Dauid
1221 546 1362 586 fidelis
1381 546 1575 586 carmine
1598 562 1605 586 :
1624 546 1789 600 Dicens
1811 545 1855 585 in

1053 604 1306 645 nationibus
1323 604 1547 657 Regnauit
1561 602 1586 643 a
1601 604 1720 656 ligno
1736 603 1856 644 deus.

1110 663 1261 703 Arbor
1326 663 1496 710 decora,

1054 720 1226 762 Ornata
1268 720 1381 772 regis
1419 733 1612 772 purpura
1648 733 1656 760 :

1565 667 1610 702 et
1676 661 1858 713 fulgida,

1700 716 1857 759 Electa

1005 814 1009 817 ,
1053 779 1189 832 digno
1204 778 1348 844 stipite
1366 778 1478 817 Tam
1496 775 1644 817 sancta
1659 777 1858 817 membra

1055 843 1247 889 tangere

1114 895 1252 935 Beata
1310 893 1433 934 cuius
1485 891 1676 945 brachijs
1739 891 1856 934 Secli

1053 953 1265 1006 pependit
1288 952 1482 1005 precium
1507 966 1514 991 :
1540 951 1717 992 Statera
1738 948 1856 990 facta

1054 1011 1248 1063 corporis
1292 1010 1582 1062 Praedamque
1630 1008 1732 1049 tulit
1773 1015 1860 1048 tar-

1052 1069 1151 1109 tari.

1113 1127 1152 1168 O
1187 1140 1297 1166 crux
1339 1139 1422 1165 aue
1457 1124 1551 1177 spes
1587 1124 1717 1165 vnica
1757 1124 1859 1164 Hoc

1054 1185 1258 1238 passionis
1301 1189 1501 1236 tempore
1547 1197 1555 1223 :
1597 1183 1730 1235 Auge
1773 1181 1859 1234 pijs

1055 1242 1275 1287 iustitiam,
1301 1241 1491 1294 Reisque
1513 1241 1632 1281 dona
1654 1239 1844 1280 veniam.

1114 1300 1179 1340 Te
1213 1300 1381 1339 summa
1410 1300 1519 1339 deus
1549 1298 1724 1339 trinitas
1758 1296 1860 1339 Col-

1054 1358 1206 1399 laudat
1235 1357 1380 1397 omnis
1404 1357 1576 1409 spiritus
1602 1371 1609 1396 :
1634 1355 1758 1409 Quos
1782 1367 1861 1408 per

1055 1416 1193 1457 crucis
1210 1415 1462 1468 mysterium
1480 1414 1648 1464 Saluas,
1665 1427 1767 1467 rege
1782 1426 1861 1467 per

1055 1474 1206 1515 secula.
1262 1473 1424 1513 Amen.

1054 1598 1098 1643 {J
1115 1594 1318 1647 Feriaaj.
1359 1593 1436 1633 Ex
1452 1591 1627 1646 Genesi&
1663 1590 1859 1644 Leffc'ioj.

1056 1681 1291 1763 AVdiens
1343 1686 1493 1720 autem
1550 1679 1686 1719 Iacob
1738 1678 1857 1732 quod

1170 1738 1515 1791 alimenta...qui
1540 1737 1735 1777 fecerunt
1759 1737 1828 1776 ita.

1142 1861 1186 1906 (l
1220 1858 1459 1899 Secundum
1487 1857 1549 1897 M
1546 1857 1735 1898 altheum
1744 1855 1768 1899 ⁴.

1344 1916 1489 1956 Lech'o
1513 1916 1567 1969 js]

1138 2004 1235 2044 Vnc
1264 2003 1385 2043 venit
1419 2002 1539 2042 Iesus
1569 2015 1669 2042 cum
1701 2001 1784 2042 illis
1815 2002 1858 2042 in

1166 2061 1545 2109 villam...omnes‚
1561 2058 1713 2100 relicto
1729 2074 1780 2100 eo
1795 2060 1861 2100 fu-

1054 2125 1227 2172 gerunt.

1377 2209 1540 2251 Oratio.

1129 2295 1353 2337 Anotifica
1385 2296 1636 2349 quaesumus
1679 2294 1860 2335 domine

1159 2355 1301 2394 nostra
1320 2355 1482 2395 ieiunia
1506 2370 1513 2394 :
1537 2360 1579 2393 et
1602 2351 1858 2394 cunctarum

1055 2413 1181 2453 nobis
1199 2413 1523 2465 indulgentiam
1542 2411 1758 2464 propitius
1777 2410 1859 2450 lar-

1054 2472 1146 2524 gire
1169 2471 1398 2523 culparum
1422 2484 1429 2510 :
1453 2483 1540 2523 per.

1056 2576 1099 2620 ΕΙ
1116 2573 1247 2614 Faria
1263 2573 1337 2626 j'js,
1368 2573 1445 2613 Ex
1461 2572 1606 2625 Genesi
1613 2570 1637 2613 ⁵.
1660 2571 1806 2612 Laevia
1820 2570 1859 2623 j.

1118 2652 1156 2690 T
1194 2653 1254 2692 illi
1293 2659 1520 2705 portantes
1556 2652 1778 2693 frumenta
1814 2653 1857 2692 in

1152 2711 1277 2751 asinis
1294 2711 1392 2751 suis.
1405 2743 1412 2751 .
1424 2711 1665 2751 ‚Adducite
1679 2710 1858 2751 fratrem

1054 2768 1243 2809 vestrum
1266 2768 1517 2809 vobiscum?

1055 2904 1184 2938 tabula
1202 2908 1415 2939 erratorum
1434 2905 1477 2939 R.

1125 2950 1138 2972 4
1162 2950 1460 3043 [xvi-36-591]

1124 2997 1137 3018 ⁵
1179 2999 1249 3033 xlii.
1271 2999 1449 3033 26—x1111.
1472 2997 1519 3043 7.]
