1981 3248
190 126 270 167 126

187 219 419 262 Clemente
461 221 771 275 pontificatum
810 222 994 276 suscepit

187 278 361 320 inuitus.
416 279 503 334 Qui
527 294 627 320 cum
650 280 769 330 nihil,
789 282 908 335 quod
932 282 988 322 ad

187 336 408 378 ecclesiam
452 339 521 379 dei
565 340 815 392 augendam
859 339 991 392 perti-

161 417 165 421 ·
188 408 293 435 nere
315 396 611 445 arbitraretur,
634 397 991 450 praetermisisset:

187 454 345 493 creatis
389 453 453 507 (vt
501 461 771 508 praeceperat
817 454 987 507 Petrus)

187 525 294 552 xxv.
352 512 632 565 presbyteris,
687 526 737 553 ac
814 513 990 553 ecclesia

186 569 353 621 optime
372 570 617 619 constituta,
636 571 896 611 Domitiano
912 572 989 611 im-

186 633 388 679 peratore
421 629 632 681 martyrio
668 635 915 678 coronatur,
946 636 990 670 et

186 684 228 724 in
280 685 501 725 Vaticano
551 686 754 739 sepelitur
807 686 874 739 .vj.
919 701 989 727 ca-

185 742 338 783 lendas
370 743 490 796 Maij,
515 758 614 784 cum
648 744 816 785 sedisset
848 759 988 785 annos

183 800 269 853 xij.
294 801 485 842 mensem
509 802 545 855 .j.
569 802 661 843 dies
684 803 756 856 .xj.

194 920 550 1002 MArcellinus
592 922 795 974 pontifex
845 923 987 976 patria

329 979 560 1020 Romanus
603 981 644 1019 in
688 980 986 1033 persecutione

183 1036 449 1077 Diocletiani
502 1044 545 1078 et
595 1039 859 1078 Maximiani
915 1039 986 1078 sae-

183 1094 348 1134 uissima
381 1096 510 1136 minis
544 1097 798 1149 perterritus
842 1096 985 1137 simul-

181 1152 312 1193 achra
335 1154 517 1194 deorum
542 1155 756 1197 adorauit,
784 1154 872 1195 Sed
897 1168 984 1194 non

183 1211 323 1251 multo
371 1211 465 1263 post
518 1226 680 1264 magna
722 1213 986 1265 poenitentia

180 1267 350 1318 dufflms,
373 1268 617 1310 sinuessam¹
636 1271 726 1317 (vbi
751 1271 984 1310 concilium

180 1326 347 1367 ‚clxxx
412 1327 714 1381 episcoporum
781 1327 983 1368 coacPcum

181 1385 303 1436 erat,)
320 1385 542 1438 squalidus
566 1393 608 1426 et
640 1386 780 1427 cilicio
804 1387 983 1426 indutus

182 1444 405 1495 peruenit:
438 1457 571 1496 seque
594 1444 649 1483 ab
679 1445 739 1484 eis
772 1445 883 1497 petit
906 1459 984 1497 pro

180 1501 470 1541 inconstantia
499 1508 542 1542 et
575 1502 730 1542 scelere
757 1503 983 1542 commisso

180 1559 323 1611 poenis
349 1560 513 1600 meritis
538 1561 692 1613 puniri.
758 1561 981 1602 Caeterum

181 1616 205 1657 a
239 1618 414 1657 nemine
444 1619 681 1658 damnatus
712 1618 782 1666 est,
815 1616 982 1658 cun6’tis

179 1675 527 1716 acclamantibus
563 1678 716 1716 eadem
752 1677 886 1716 animi
920 1677 983 1716 in-

180 1732 388 1773 firmitate
422 1734 598 1774 Petrum
636 1734 872 1786 deliquisse,
907 1735 981 1787 qui

179 1791 353 1831 veniam
372 1790 397 1831 a
414 1793 498 1832 deo
517 1792 723 1832 similibus
744 1792 981 1845 lachrymis

179 1848 319 1889 fuisset
346 1849 570 1889 assecutus.
634 1850 760 1890 Tunc
788 1851 979 1890 Romam

179 1907 370 1947 reuersus
415 1907 741 1947 Diocletianum
792 1909 896 1957 adit,
939 1915 983 1949 et

178 1966 296 2017 quod
331 1964 370 2005 se
404 1964 685 2005 scelestissime
717 1967 772 2006 ad
806 1972 980 2006 tantum

179 2022 299 2062 nefas
352 2022 587 2076 impulisset
640 2024 847 2076 increpat,
889 2025 981 2064 eius

179 2081 395 2120 damnans
452 2081 738 2133 impietatem.
808 2081 981 2134 Quibus

178 2138 249 2178 ille
273 2139 417 2186 iratus,
441 2138 562 2179 iubet
586 2139 725 2191 ipsum
756 2154 855 2180 cum
885 2140 980 2193 alijs

179 2196 333 2237 Christi
358 2196 559 2237 fidelibus
583 2197 771 2237 abstrahi
804 2199 859 2238 ad
884 2198 980 2251 sup-

178 2254 355 2307 plicium
381 2254 444 2306 .vj
469 2255 676 2295 calendas
696 2256 816 2308 Maij.
860 2255 981 2309 Quo-

178 2326 273 2352 rum
311 2312 548 2353 occisorum
584 2327 768 2366 corpora
806 2314 980 2367 .xxxvj.

178 2370 272 2410 dies
302 2370 408 2410 iussu
441 2370 630 2411 eiusdem
666 2371 891 2412 iacuerunt
918 2372 981 2412 in-

177 2427 355 2480 sepulta,
386 2429 527 2468 donec
562 2429 796 2469 Marcellus
829 2430 982 2470 admo—

177 2486 294 2525 nitus
324 2487 365 2525 in
401 2486 578 2539 somnijs
613 2485 638 2526 a
670 2487 801 2527 beato
836 2488 977 2537 Petro,

178 2544 332 2583 eadem
383 2545 582 2584 condidit
632 2545 673 2583 in
725 2546 980 2585 coemeterio

178 2601 389 2641 Priscillae.
453 2601 578 2642 Sedit
608 2609 756 2642 autem
793 2603 978 2643 Marcel-

175 2658 290 2698 linus
321 2672 459 2698 annos
501 2660 768 2700 .ix.1neiises
802 2661 852 2712 .ij.
887 2662 980 2701 dies

176 2730 274 2768 .XVJ.

243 2902 255 2924 1
281 2903 469 2936 sinuelsam
493 2915 499 2937 ε
519 2905 561 2938 Α.

918 172 926 177 „
945 146 1113 179 MAIUS.

1309 265 1311 268 .
1379 226 1546 269 Μαίης.

1120 319 1164 364 CI
1197 317 1365 371 Festum
1376 318 1631 370 sanderum
1653 318 1692 358 Α
1691 318 1865 372 postolo-

1061 388 1159 415 rum
1212 375 1407 431 Plzz'lz‘ppz'
1442 383 1484 417 et
1521 376 1667 417 Iacobz'
1715 376 1868 429 duplex

1062 433 1215 473 mains.
1283 433 1446 475 Oratio.

1069 518 1258 599 DEus,
1283 520 1357 572 qui
1381 533 1460 560 nos
1484 533 1630 560 annua
1647 519 1863 572 apostolo-

1202 591 1295 617 rum
1350 584 1523 618 tuorum
1576 577 1767 630 Philippi
1820 584 1863 618 et

1062 633 1212 674 Iacobi
1237 635 1497 676 solennitate
1520 635 1730 685 laetificas,
1752 649 1862 688 prae-

1060 691 1122 731 sta
1154 693 1413 745 quaesumus,
1445 700 1491 734 vt
1533 706 1723 746 quorum
1754 707 1862 747 gau-

1059 750 1215 790 demus
1248 752 1412 791 meritis
1446 767 1453 791 :
1490 751 1752 792 instruamur
1784 765 1862 792 ex-

1059 808 1215 861 emplis
1241 823 1248 850 :
1275 810 1354 849 Per
1375 816 1454 850 etc.

1327 906 1471 947 Leffz'o
1493 905 1588 960 ‚z'z'j².

1066 979 1292 1060 IAcobus
1309 980 1548 1034 Apostolus
1564 987 1860 1034 cognomento

1140 1038 1273 1079 iustus
1311 1039 1443 1080 frater
1478 1040 1646 1080 domini
1678 1045 1860 1080 vocatus

1058 1095 1211 1136 Mariae
1266 1096 1476 1151 Cleophae
1522 1098 1648 1146 filius,
1685 1095 1858 1137 sancftus

1057 1153 1138 1193 fuit
1174 1155 1228 1194 ab
1264 1156 1442 1195 ineunte
1477 1162 1622 1203 aetate,
1661 1153 1776 1195 vi5³tu
1815 1161 1857 1195 et

1055 1211 1175 1252 cultu
1209 1212 1527 1265 frugalissimus.
1590 1213 1677 1266 Qui
1710 1213 1856 1253 statim

1055 1269 1149 1321 post
1199 1270 1357 1311 Christi
1399 1271 1690 1311 ascensionem
1736 1272 1856 1311 Iero-

1056 1327 1323 1380 solymorum
1354 1329 1583 1382 episcopus
1606 1330 1662 1369 ab
1686 1329 1857 1382 aposto-

1056 1385 1107 1425 lis
1161 1386 1433 1435 constitutus,
1481 1401 1579 1427 eam
1631 1387 1854 1428 ecclesiam

1055 1445 1180 1484 annis
1203 1445 1383 1497 triginta
1405 1445 1574 1485 summa
1603 1459 1701 1485 cum
1726 1445 1856 1485 laude

1056 1503 1182 1542 rexit.
1233 1503 1435 1556 Rogatus
1459 1510 1607 1543 autem
1631 1517 1655 1543 a
1681 1504 1855 1552 Iudaeis,

1053 1566 1100 1600 vt
1123 1561 1166 1600 in
1197 1561 1267 1600 die
1297 1561 1478 1614 paschae,
1501 1575 1637 1614 quum
1665 1561 1854 1614 plurima

1054 1619 1184 1658 turba
1210 1620 1445 1659 conuenire
1474 1619 1652 1667 solebat,
1676 1634 1734 1659 ex
1758 1619 1854 1659 loco

1051 1675 1222 1716 sublimi
1246 1677 1301 1716 ad
1326 1677 1539 1730 populum
1571 1678 1852 1718 concionare-

1052 1741 1133 1782 tur,
1168 1741 1212 1774 et
1245 1733 1270 1774 a
1304 1735 1424 1775 cultu
1462 1735 1568 1782 Iesu,
1607 1749 1738 1788 quem
1777 1749 1854 1788 per

1053 1805 1241 1832 errorem
1276 1793 1402 1833 multi
1436 1793 1729 1846 sequerentur,
1758 1808 1852 1834 ora-

1051 1850 1172 1889 tione
1186 1856 1229 1890 et
1248 1849 1509 1891 au6toritate
1528 1851 1600 1891 sua
1617 1851 1852 1904 populares

1051 1914 1280 1955 auerteret,
1324 1909 1504 1962 pinnam
1554 1909 1707 1962 templi
1749 1923 1852 1950 con-

1051 1965 1227 2006 scendit.
1289 1967 1377 2007 Vbi
1409 1981 1571 2019 magna
1597 1967 1850 2008 Iudaeorum

1050 2024 1371 2077 gentiliumque
1433 2025 1601 2065 astante
1653 2025 1850 2065 multitu-

1051 2082 1163 2129 dine,
1187 2081 1212 2122 ἐι
1242 2082 1388 2122 scribis
1418 2089 1460 2122 et
1493 2082 1714 2135 pharisaeis
1744 2084 1849 2136 quid

1051 2139 1125 2192 ipsi
1149 2140 1203 2179 de
1226 2140 1382 2180 christo
1400 2141 1620 2181 videretur
1637 2141 1726 2181 alta
1743 2155 1850 2181 voce

1051 2204 1231 2250 rogatus
1264 2198 1498 2251 respondit,
1534 2198 1651 2251 Quid
1684 2212 1754 2239 me
1788 2200 1850 2239 in-

1052 2257 1284 2308 terrogatis
1300 2257 1355 2296 de
1370 2256 1458 2296 filio
1474 2256 1689 2296 hominis?
1734 2258 1849 2297 Ecce

1051 2313 1139 2366 ipse
1162 2313 1281 2354 sedet
1304 2315 1346 2354 in
1371 2314 1485 2355 coelo
1502 2313 1527 2355 a
1546 2315 1720 2355 dextris
1739 2315 1849 2355 sum-

1052 2384 1136 2411 mae
1173 2372 1356 2412 virtutis
1422 2373 1480 2412 Et
1513 2372 1605 2425 ipse
1637 2379 1848 2413 venturus

1051 2429 1111 2469 est
1153 2430 1195 2469 in
1239 2430 1427 2470 nubibus
1459 2430 1570 2471 coeli.
1634 2430 1734 2484 Quo
1767 2430 1847 2470 ser-

1053 2500 1183 2527 mone
1214 2488 1366 2528 audito
1396 2488 1543 2528 scribae
1575 2494 1618 2528 et
1651 2488 1847 2541 pharisaei

1050 2545 1340 2592 conclamant,
1381 2546 1505 2593 Proh,
1543 2546 1675 2586 iustus
1713 2547 1846 2586 etiam

1051 2604 1221 2643 errauit.
1328 2603 1733 2656 Ascenderuntque,
1804 2610 1846 2644 et

1050 2660 1400 2713 praecipitarunt³
1422 2675 1535 2708 eum,
1563 2669 1605 2701 et
1628 2662 1846 2714 lapidibus

1049 2719 1233 2758 obruere
1284 2726 1524 2771 coeperunt.
1615 2719 1695 2758 Ille
1746 2733 1847 2759 vero

1120 2904 1132 2925 ²
1159 2905 1219 2939 die
1242 2915 1268 2938 1.
1291 2906 1331 2939 in
1350 2916 1396 2939 m.

1119 2951 1133 2973 3
1159 2951 1485 2996 praecipitauerunt
1509 2964 1514 2986 :
1538 2952 1574 2985 Ρ.
1595 2953 1638 2985 Α.
