1981 3248
196 139 276 182 174

192 225 403 273 copatum
433 220 547 261 illius
573 221 690 262 vrbis
723 222 994 264 administra-

193 278 258 318 uit
299 292 309 318 ε
361 283 449 318 tres
492 285 596 320 ante
636 280 995 333 persecutionem,

192 349 292 388 quae
335 336 588 377 Maximino
631 338 896 391 imperatore
938 340 994 379 ad

192 393 407 434 orientem
440 401 598 435 exorta
630 396 699 445 est,
730 397 919 449 reliquos
952 397 995 436 in

193 451 295 504 ipsa,
313 452 489 492 diuersis
508 454 806 493 tentationum
824 456 995 507 generi-

191 510 274 550 bus
316 510 520 562 agitatus.
582 511 785 564 Cumque
828 513 996 565 semper

192 568 234 607 in
277 568 397 607 omni
450 582 592 621 agone
643 570 993 622 persecutionum

191 625 355 678 positus
371 639 580 678 magnum
598 626 759 667 faceret
774 628 816 667 in
832 629 994 668 virtute

190 689 235 723 et
264 681 495 723 sanffititate
531 683 791 736 profecstum,
813 686 993 727 Vtilitati

187 739 996 793 atqueinsti-uffioniecclefiaeconstan-

191 799 346 839 tissime
377 799 650 841 inseruiebat.
714 801 827 842 Cum
862 803 993 855 igitur

191 857 234 896 in
261 870 439 897 omnem
471 857 696 911 sacerdotij
721 873 870 899 curam
902 861 993 901 die-

190 915 272 955 bus
308 929 358 955 ac
401 913 603 956 no&ibus
646 917 879 958 insudasset
920 919 992 959 ix.

189 973 501 1025 persecutionis
547 988 675 1023 anno,
717 976 992 1029 episcopatus

188 1044 292 1070 vero
315 1031 374 1070 sui
398 1032 570 1071 decimo
593 1031 657 1084 ‚vj.
673 1033 880 1074 calendas
904 1034 992 1074 De-

187 1088 388 1129 cembris.
489 1090 680 1130 eiusdem
753 1092 992 1132 Maximini

186 1152 386 1199 tempore
402 1147 597 1200 martyrij
615 1162 821 1189 coronam
837 1151 992 1203 capitis

187 1204 526 1245 obtruncatione
548 1208 801 1258 promeruit.

186 1376 230 1421 Q
258 1373 534 1415 Saturninus
553 1381 594 1415 ct
626 1376 847 1428 Sistnnins
877 1392 992 1418 nntr-

369 1439 487 1484 tyrcs.
550 1433 695 1474 Lento
718 1435 812 1486 .ii]'¹.

195 1523 411 1605 ROmae
440 1524 515 1565 sub
544 1525 825 1566 Maximiano
855 1527 991 1580 impe-

282 1589 424 1622 ratore
442 1583 706 1624 Saturninus
723 1591 764 1624 et
782 1585 991 1626 Sisinnius

189 1640 402 1680 diaconus
437 1641 549 1681 inter
581 1642 690 1682 alios
725 1643 881 1683 Christi
910 1644 991 1683 ser-

189 1712 268 1737 uos
297 1698 353 1737 ad
378 1698 633 1740 fodiendam
668 1714 846 1741 arenam
881 1702 989 1741 zedi-

188 1755 372 1796 ficandis
443 1757 625 1797 thermis
697 1758 989 1799 Diocletianis

188 1813 387 1853 damnati
411 1814 518 1863 sunt,
538 1815 637 1855 licet
660 1816 763 1856 esset
786 1831 836 1856 ea
858 1823 991 1857 aetate

190 1871 455 1912 Saturninus
497 1879 543 1912 vt
594 1888 672 1926 per
722 1873 989 1914 seneffitutem

189 1929 400 1969 sarcinam
430 1930 538 1970 ferre
567 1945 654 1971 non
683 1932 845 1980 valens,
870 1931 894 1972 a
924 1933 990 1973 Si-

188 1987 323 2027 smnio
357 1988 588 2030 iuuaretur.
652 1988 851 2042 Quorum
888 2005 988 2031 cum

189 2043 397 2085 sanGtitas
436 2052 478 2086 et
515 2046 624 2086 fides
658 2048 771 2087 inter
808 2055 989 2089 caeteros

188 2102 443 2143 christianos
476 2104 671 2156 polleret>
709 2105 841 2145 ambo
876 2107 991 2146 Lau-

190 2161 301 2201 ditio
337 2160 546 2214 praefecto
584 2164 733 2203 traditi
769 2165 812 2203 in
847 2178 989 2204 carce-

191 2232 282 2258 rem
325 2219 422 2259 sunt
473 2218 670 2270 coniefti‚
711 2222 784 2261 vbi
827 2222 989 2262 multos

190 2276 378 2328 gentiles
420 2278 475 2317 ad
515 2277 554 2317 se
588 2279 814 2319 venientes
857 2280 989 2321 fidem

191 2334 447 2384 docuerunt,
470 2342 513 2375 et
546 2337 600 2376 ad
637 2336 853 2377 Christum
887 2352 990 2378 con-

191 2399 425 2433 uerterunt.
484 2394 687 2447 Denique
710 2395 803 2447 post
827 2396 989 2437 multos

190 2450 284 2490 dies
312 2448 445 2490 vin&i
474 2453 651 2499 catenis,
679 2466 730 2492 ac
757 2454 886 2493 nudis
915 2468 990 2507 pe-

189 2508 320 2548 dibus
352 2507 511 2556 cduffifi,
533 2511 588 2549 ad
619 2510 838 2562 tripodem
867 2512 990 2552 sacri-

189 2564 319 2605 ficare
361 2566 573 2607 iubentur.
664 2568 730 2608 At
772 2569 991 2610 clamante

192 2623 441 2672 Saturnino,
506 2624 719 2666 Conterat
786 2626 990 2668 dominus

191 2681 309 2720 idola
359 2682 570 2733 gentium,
615 2683 753 2724 soluta
803 2685 990 2737 tripode,

190 2738 280 2778 duo
317 2739 478 2779 milites
517 2741 686 2793 Papias,
720 2747 763 2781 et
797 2742 989 2791 Maurus,

189 2796 231 2835 in
276 2796 492 2837 Christum
536 2799 822 2839 crediderunt.
902 2800 989 2853 Qui

187 2854 320 2906 paulo
352 2854 446 2907 post
478 2855 653 2895 suerunt
686 2858 895 2911 martyrio
918 2873 988 2899 co-

491 2960 503 2981 1
530 2962 589 2996 die
610 2972 652 3006 29
671 2963 710 2996 in
730 2975 776 2996 m.

886 148 929 179 N
928 148 956 180 O
965 148 1181 182 VEMBER.

1063 227 1218 268 ronati.
1290 229 1483 269 Demum
1519 229 1783 271 Saturninus
1824 234 1868 269 et

1066 284 1277 326 Sisinnius
1314 287 1408 340 post
1445 288 1608 327 multos
1650 288 1867 327 cruciatus

1065 342 1172 382 iussu
1196 345 1388 396 praesidis
1413 346 1455 385 in
1478 347 1595 385 viam
1620 345 1866 385 Nomenta-

1065 414 1169 441 nam
1206 401 1412 443 abstraffl
1451 403 1640 443 secundo
1675 403 1731 443 ab
1763 402 1868 443 vrbe

1064 459 1267 500 milliario
1285 462 1430 514 capite
1453 462 1643 501 truncati
1667 459 1863 512 martyrij

1063 516 1258 569 palmam
1291 518 1388 559 sunt
1416 519 1680 572 consequuti.
1745 518 1868 571 Quo-

1062 588 1157 614 rum
1181 589 1365 629 corpora
1386 577 1584 617 Tharson
1608 583 1651 617 et
1676 577 1866 617 Ioannes

1061 633 1131 673 via
1155 633 1324 674 Salaria
1347 635 1389 675 in
1414 635 1580 687 praedio
1599 635 1672 675 suo
1691 634 1866 687 sepelie-

1062 698 1163 732 runt
1185 692 1252 745 .iij.
1278 692 1484 733 calendas
1508 693 1780 733 Decembris.

1063 836 1106 881 ΘΙ
1118 834 1156 873 Α
1166 834 1229 874 nd
1228 847 1320 874 reas
1333 835 1535 888 apostolns
1548 834 1701 887 duplex
1713 833 1865 876 mains.

1123 892 1178 932 Si
1191 892 1353 945 festnnz
1370 893 1520 944 fiznffti
1538 893 1728 933 Andrcce
1748 906 1865 932 vene-

1120 951 1183 990 rit
1211 951 1254 990 in
1280 951 1494 991 dominica
1519 951 1557 1004 j.
1578 951 1790 990 adnentns
1818 950 1865 990 in

1120 1009 1300 1060 vesperis
1351 1009 1531 1061 sabbati
1578 1008 1865 1061 praecedentis.

1121 1067 1325 1117 lsymnns
1354 1073 1395 1106 et
1422 1068 1558 1107 oratio
1593 1067 1789 1107 dicentur
1817 1066 1867 1106 de

1108 1124 1259 1176 ficho
1281 1124 1474 1165 Andron.
1536 1124 1590 1164 In
1614 1124 1702 1176 ipsa
1723 1131 1865 1165 antem

1119 1182 1332 1222 dominica
1354 1183 1534 1235 officinm
1557 1183 1641 1222 erit
1659 1182 1709 1222 dc·
1730 1182 1866 1222 domi-

1120 1240 1227 1288 nica,
1265 1247 1306 1280 ct
1324 1241 1485 1294 sestam
1506 1240 1655 1293 sanch
1682 1240 1868 1280 Andreae

1120 1298 1289 1339 habehit
1319 1306 1488 1339 tantum
1522 1298 1693 1338 tertiam
1726 1298 1864 1339 lec7io-

1120 1370 1214 1395 nem
1246 1363 1286 1396 ct
1317 1357 1425 1397 idem
1447 1356 1702 1409 firciendmn
1734 1356 1792 1409 est
1819 1356 1864 1396 in

1119 1414 1315 1454 omnibns
1325 1415 1453 1468 festis
1469 1414 1706 1468 duplicibus
1726 1428 1864 1454 occnr-

1121 1473 1309 1512 rentibus
1352 1473 1395 1513 in
1439 1472 1665 1513 dominicis
1704 1471 1863 1512 aduen-

1119 1537 1199 1578 tos,
1223 1537 1263 1570 ct
1290 1531 1335 1571 in
1367 1530 1593 1571 dominicis
1612 1530 1861 1583 septuagcss-

1119 1602 1208 1636 mco,
1248 1595 1290 1629 et
1316 1589 1590 1642 sequentibus
1630 1588 1756 1641 vsqne
1805 1587 1869 1628 ad

1107 1646 1278 1699 pascha.

1381 1749 1543 1791 Oratio.

1068 1834 1161 1916 M
1178 1834 1420 1875 Aiestatem
1437 1841 1558 1875 tuam
1574 1834 1753 1874 domine
1768 1834 1863 1887 sup-

1206 1893 1377 1945 pliciter
1399 1906 1636 1932 exoramus
1660 1908 1667 1932 :
1689 1899 1735 1932 vt
1758 1892 1863 1933 ficut

1059 1950 1247 1990 ecclefiae
1309 1957 1397 1991 tute
1448 1950 1604 1990 beatus
1655 1949 1862 1990 Andreas

1060 2009 1280 2061 apostolus
1323 2009 1475 2048 extitit
1515 2008 1779 2061 praedicator
1819 2014 1862 2048 et

1060 2065 1202 2107 re&or
1225 2082 1232 2106 :
1263 2067 1323 2107 ita
1352 2066 1470 2119 apud
1493 2073 1537 2106 te
1560 2066 1607 2106 sit
1631 2080 1710 2119 pro
1733 2066 1861 2106 nobis

1059 2132 1298 2178 perpetuus
1322 2124 1571 2165 intercessor
1593 2140 1600 2164 :
1623 2138 1709 2177 per.

1320 2262 1466 2302 Lenia
1501 2261 1597 2315 .iij².

1124 2337 1297 2377 Ndreas
1341 2337 1456 2377 Petri
1508 2337 1641 2377 frater
1681 2337 1773 2387 fuit,
1816 2338 1858 2378 in

1158 2395 1392 2435 Bethsaida
1407 2402 1526 2435 ortus
1543 2395 1737 2435 Galilaeae
1753 2396 1859 2436 vico.

1060 2454 1213 2494 Ambo
1251 2453 1526 2507 piscatoriam
1565 2460 1705 2493 artem
1737 2468 1861 2494 exer-

1061 2512 1230 2559 cebant,
1273 2518 1316 2551 et
1358 2518 1462 2551 tunc
1503 2511 1783 2564 piscabantur
1816 2513 1859 2551 in

1060 2571 1206 2610 littore
1249 2569 1457 2616 Galilaeae,
1492 2582 1627 2621 quum
1666 2569 1860 2610 Christus

1060 2628 1326 2681 praeteriens,
1350 2627 1430 2666 hos
1463 2627 1661 2666 omnium
1694 2628 1858 2679 primos

1060 2686 1236 2726 vocauit
1277 2685 1438 2732 dicem,
1471 2685 1618 2724 venite
1649 2684 1744 2737 post
1776 2699 1857 2734 me,

1061 2750 1104 2784 et
1137 2743 1295 2783 faciam
1333 2756 1411 2782 vos
1447 2742 1681 2794 piscatores
1716 2742 1858 2782 homi-

1059 2815 1176 2842 num.
1248 2800 1324 2840 Ad
1367 2814 1500 2852 quam
1543 2813 1696 2840 vocem
1739 2800 1859 2840 nullo

1060 2860 1146 2900 alio
1191 2858 1401 2898 miraculo
1452 2855 1644 2906 adducfti,
1697 2856 1857 2898 reli&is

1223 2966 1236 2987 2
1263 2965 1321 3000 die
1340 2975 1406 3009 .30.
1428 2965 1466 2998 in
1486 2976 1531 2998 m.
