1916 3243
538 137 791 169 DOMINJCA
827 137 897 168 AD
928 137 1000 169 ΜΛ
1012 138 1258 171 TUTJNUM.
1723 139 1737 168 I

74 752 126 796 {I
148 749 414 803 psalterium
435 747 678 801 dispositam
702 747 746 788 ἐπι
768 746 868 793 dies,

125 815 166 849 et
190 808 318 849 lzoms
348 807 495 847 Ordine
521 820 601 859 quo
623 812 759 846 totum
775 805 869 857 fitz-

118 866 241 919 gulz‘s
279 864 551 906 hebdomadis
594 863 757 904 dicitur
789 869 873 915 per

126 930 260 965 totum
280 936 457 965 annum.

74 1025 128 1071 (I
163 1025 404 1067 Domz'm’ca.
464 1025 546 1065 Ad
594 1023 871 1065 matutinmn.

320 1083 528 1136 Psalmns
549 1094 598 1124 .1.

206 1177 290 1226 ῑξζξ-ὶζζ
304 1171 444 1210 Eatus
466 1169 532 1210 vir
553 1169 626 1222 qui
649 1182 737 1208 non
761 1166 871 1219 abijt

223 1228 236 1234 ”
335 1233 444 1268 ...et
497 1228 579 1268 iter
633 1226 870 1280 impiorum

330 1285 501 1339 peribit.

284 1348 290 1380 2
359 1369 638 1422 Psal7722c59.

150 1439 383 1482 Onfitebor
427 1438 507 1479 tibi
554 1437 871 1479 domine...ho-

178 1511 251 1538 mo
273 1497 398 1551 super
418 1503 591 1537 terram.

311 1587 521 1641 Psalmus
542 1600 573 1628 ,Ι
584 1598 621 1640 7.

165 1657 324 1711 Iligam
367 1663 411 1698 te
447 1657 626 1698 domine
658 1656 871 1697 fortitudo

191 1714 501 1756 mea...semini
533 1716 625 1755 eius
662 1714 795 1769 Vsque
826 1715 869 1755 in

72 1772 276 1815 seculum.

74 1875 127 1920 {I
156 1877 344 1930 Sequens
358 1877 542 1929 hymnus
556 1876 589 1916 d
589 1875 719 1917 icitur
720 1876 872 1930 finitis

70 1936 210 1977 trabas
240 1935 487 1976 ίεὲῗκονῑῑόῑιε
515 1935 578 1975 ad
603 1934 869 1975 matutznum

60 2001 143 2047 per
176 1999 311 2034 totum
351 2007 547 2069 amrmln:
579 1999 870 2057 praeterquam

70 2065 117 2092 272
156 2051 357 2099 aduentu,
403 2057 443 2091 et
480 2049 527 2090 ¹a
567 2050 782 2091 domuum
824 2065 869 2091 272

58 2107 386 2162 sptzcagessma¹
415 2107 541 2160 zgfqlce
566 2108 629 2148 ad
640 2107 811 2161 pascha,
833 2114 874 2148 et

68 2175 198 2208 etzam
236 2174 334 2207 tmzc
368 2166 531 2207 dzcz‘tnr
553 2165 597 2218 fi
629 2173 792 2219 agatur
821 2166 874 2207 cle

69 2225 212 2278 aliquo
221 2224 383 2277 sancto.
443 2224 659 2276 Hymnus.

153 2304 191 2345 E
213 2305 344 2344 deum
370 2302 604 2344 laudamus
629 2317 637 2344 ε
660 2309 703 2344 te
731 2303 872 2344 domi-

181 2375 285 2402 num
308 2361 577 2403 confitemur.

129 2420 194 2460 Te
239 2425 453 2460 aeternum
501 2425 674 2472 patrem
725 2420 870 2459 omnis

70 2481 184 2518 terra
205 2483 447 2518 veneratur.

128 2535 228 2575 Tibi
270 2548 425 2575 omnes
459 2534 616 2587 angeli,
649 2534 728 2576 tibi
763 2534 872 2584 caeli,

70 2597 113 2632 et
134 2592 342 2633 vniuersae
364 2591 612 2645 potestates.

127 2650 227 2690 Tibi
249 2649 468 2698 cherubin,
487 2656 530 2690 et
552 2649 749 2702 seraphin
773 2666 780 2690 :
807 2651 869 2690 in-

70 2707 259 2748 cessabili
281 2721 387 2748 voce
410 2707 697 2760 proclamant.

140 2794 189 2816 1-1
214 2797 266 2830 sic
294 2796 336 2829 R.
365 2796 404 2829 in
430 2800 532 2830 textu
547 2809 559 2831 .·
587 2797 653 2830 sed
675 2798 714 2830 in
742 2798 872 2831 tabula

70 2847 277 2876 erratorum
301 2854 383 2876 cnm
404 2844 441 2877 P.
461 2847 496 2877 et
520 2844 562 2876 A.
583 2854 604 2877 a
622 2844 715 2878 feria
737 2851 870 2888 quarta

72 2889 246 2924 cinerum.
298 2888 387 2934 [loco
406 2901 427 2923 a
448 2891 489 2923 R.
509 2889 615 2924 [tabet
632 2889 706 2935 ad.]

140 2936 153 2956 ‘2
179 2936 397 2980 paraclitum
421 2948 427 2970 :
449 2938 490 2970 R.
519 2938 750 2981 paraclytum
776 2949 781 2970 2
806 2938 842 2971 Ι).

190 3014 223 3044 Η.
243 3014 286 3046 Ν.

999 743 1196 787 Sannaus.
1279 744 1479 788 Sandus.

939 804 1145 844 dominus
1167 804 1276 845 deus
1299 804 1490 845 sabaoth.

999 861 1120 902 Pleni
1153 862 1250 903 sunt
1280 862 1388 911 caeli‚
1417 869 1462 903 et
1493 868 1607 904 terra
1649 876 1740 903 ma-

939 919 1101 960 iestatis
1122 920 1273 972 gloriae
1296 927 1395 962 tuae.

996 978 1061 1018 Te
1082 977 1293 1031 gloriosus
1318 977 1614 1032 apostolorum
1638 978 1741 1019 cho-

939 1049 1023 1076 rus.

997 1093 1063 1133 Te
1129 1093 1442 1147 prophetarum
1509 1093 1742 1135 laudabilis

940 1164 1158 1191 numerus.

998 1208 1063 1249 Te
1092 1215 1336 1261 martyrum
1365 1209 1629 1250 candidatus
1652 1209 1742 1250 lau-

939 1266 1017 1306 dat
1039 1266 1268 1307 exercitus.

998 1323 1063 1364 Te
1086 1337 1163 1377 per
1184 1324 1335 1364 orbem
1361 1330 1574 1366 terrarum
1598 1323 1743 1366 sanf'oet

940 1381 1175 1422 confitetur
1196 1381 1383 1429 ecclefia,

1000 1439 1174 1479 Patrem
1197 1439 1420 1480 immensae
1444 1440 1692 1481 maiestatis.

996 1496 1311 1538 Venerandum
1334 1504 1459 1538 tuum
1481 1511 1633 1540 verum
1664 1512 1673 1539 :
1699 1504 1743 1539 et

940 1555 1115 1595 vnicum
1139 1554 1288 1603 filium,

1000 1610 1214 1653 Sanc'mm
1246 1626 1422 1666 quoque
1451 1613 1745 1667 paracletum²

941 1669 1150 1723 spiritum.

997 1728 1066 1769 Tu
1090 1741 1169 1768 rex
1190 1727 1342 1780 gloriae
1365 1727 1534 1769 christe.

997 1785 1068 1826 Tu
1090 1786 1227 1839 patris
1244 1785 1532 1839 sempiternus
1550 1800 1595 1827 es
1618 1786 1744 1827 filius.

997 1843 1067 1884 Tu
1090 1844 1145 1884 ad
1172 1842 1448 1884 liberandum
1472 1844 1743 1898 suscepturus

939 1900 1164 1941 hominem
1196 1917 1204 1942 :
1229 1915 1317 1942 non
1342 1901 1541 1942 horruisti
1563 1903 1743 1956 virginis

940 1965 1123 2000 vterum.

998 2017 1067 2057 Tu
1093 2013 1269 2057 deu16³oe
1291 2017 1444 2058 mortis
1466 2017 1619 2058 aculeo
1641 2031 1744 2070 ape-

940 2073 1056 2115 ruisti
1075 2075 1353 2115 credentibus
1370 2088 1505 2128 regna
1523 2075 1742 2116 caelorum.

999 2132 1068 2172 Tu
1097 2133 1153 2173 ad
1183 2132 1415 2173 dexteram
1446 2133 1516 2174 dei
1545 2132 1666 2174 sedes
1698 2134 1741 2173 in

941 2189 1081 2242 gloria
1102 2190 1250 2243 patris.

1001 2247 1146 2288 Iudex
1170 2247 1356 2287 crederis
1379 2247 1462 2287 esse
1483 2253 1704 2288 venturus.

999 2304 1066 2345 Te
1095 2318 1199 2357 ergo
1224 2304 1471 2358 quaesumus
1494 2305 1580 2345 tuis
1603 2305 1744 2346 famu-

941 2361 1015 2402 115³
1037 2362 1216 2402 subueni
1251 2378 1259 2403 ι
1287 2376 1398 2415 quos
1425 2362 1619 2416 precioso
1649 2363 1742 2404 san-

939 2420 1073 2474 guine
1095 2419 1323 2460 redemisti.

1000 2478 1166 2518 Eterna
1205 2479 1274 2517 fac
1315 2491 1414 2518 cum
1457 2476 1614 2519 fanestis
1656 2478 1742 2519 tuis

939 2535 1079 2589 gloria
1101 2535 1319 2575 munerari
1329 2533 1351 2577 ⁴.

999 2592 1183 2634 Saluum
1236 2592 1304 2634 fac
1353 2592 1566 2646 populum
1615 2599 1739 2634 tuum

940 2650 1132 2700 domine,
1173 2656 1217 2690 et
1261 2651 1446 2691 benedic
1493 2650 1740 2692 haereditati

939 2714 1039 2749 tuae.

1553 745 1741 789 §andus

1010 2796 1024 2817 3
1049 2797 1197 2831 famulis
1216 2797 1288 2831 tuis
1312 2809 1319 2831 ε
1341 2798 1378 2831 Ρ.

1010 2843 1023 2865 4
1048 2844 1085 2878 in
1104 2844 1223 2888 gloria
1241 2843 1427 2878 numerari
1452 2857 1458 2878 :
1479 2845 1516 2878 P.

1047 2891 1084 2924 in
1103 2891 1220 2935 gloria
1237 2891 1422 2926 munerari
1448 2904 1453 2925 :
1472 2892 1516 2927 A.
