1981 3248
864 141 1051 173 JUNIUS.

118 218 391 271 sepulchrum
418 218 626 259 liberatus
657 218 716 258 est
742 234 749 258 :
775 232 915 270 eoque

119 276 329 316 miraculo
353 277 467 317 idern
491 282 534 316 et
556 282 681 328 pater
703 276 757 315 ad
781 275 914 315 fidem

120 333 275 374 Christi
298 334 488 374 conuerfi
512 333 618 373 sunt.
665 339 709 373 et
732 347 798 373 res
821 339 916 372 tota

116 389 350 444 patefaffta.
399 392 504 431 Passi
528 391 624 430 sunt
654 397 802 431 autem
827 390 916 430 Ro-

118 462 201 489 mae
225 449 349 489 sexto
372 448 576 489 calendas
601 448 713 501 Iulij.

438 549 601 590 Ol'alio.

121 616 443 702 OVaesumus
466 618 749 670 omnipotens
777 617 883 657 deus
909 632 917 656 :

134 693 201 715 Aa
242 681 290 715 vt
342 689 422 715 nos
473 675 699 728 geminata
745 672 916 715 laetitia1

118 732 341 772 hodiernae
403 732 647 773 festiuitatis
709 733 914 785 excipiat,

116 804 215 842 quae
267 791 321 831 de
371 790 603 830 beatorum
651 790 830 830 Ioannis
873 796 917 830 et

120 847 242 887 Pauli
292 847 612 900 glorificatione
663 848 861 901 procedit
911 863 918 887 :

119 919 229 958 quos
261 906 413 946 eadem
447 905 555 946 fides
579 912 622 946 et
653 906 785 958 passio
818 919 917 945 vere

120 963 222 1003 fecit
245 963 329 1003 esse
350 977 585 1016 germanos
611 977 619 1004 :
642 977 729 1016 per.

142 1067 186 1111 ΕῙ
220 1064 305 1104 Leo
326 1071 443 1117 papa
473 1065 683 1117 confessor.

442 1123 599 1163 sertia?

127 1190 241 1274 Eo
270 1191 483 1232 secundus
515 1205 632 1244 papa
663 1191 842 1231 natione
872 1191 919 1230 si-

237 1249 359 1289 culus
401 1250 466 1289 vir
505 1263 647 1302 graece
698 1256 742 1289 et
783 1248 918 1288 latine

118 1305 382 1347 doetissimus
433 1322 440 1346 :
492 1307 695 1359 pontifex
747 1313 917 1346 creatus

119 1365 381 1412 instituit‚·vt
404 1365 445 1404 in
470 1365 602 1404 missae
625 1364 917 1405 celebratione

118 1436 209 1475 pax
251 1422 418 1475 populo
461 1422 646 1462 daretur.
712 1422 837 1470 Item,
870 1428 917 1461 vt

119 1481 192 1533 qui
255 1481 310 1520 ad
373 1480 793 1532 archiepiscopatum
855 1479 917 1519 as-

120 1538 315 1591 sumptus
338 1538 451 1583 esset,
472 1551 550 1589 pro
574 1538 645 1577 vsu
667 1537 785 1590 pallij
807 1537 917 1589 alijs-

119 1609 204 1648 que
234 1596 372 1644 rebus,
403 1595 505 1634 nihil
539 1595 726 1635 ecclesiae
756 1595 918 1635 tribue-

119 1660 183 1693 ret
207 1669 214 1693 :
237 1667 336 1693 cum
367 1667 424 1692 ex
451 1667 502 1692 ea
525 1653 756 1705 largitione
780 1653 918 1692 multa

120 1710 238 1751 mala
280 1716 538 1750 notarentur
571 1710 765 1750 existere.
829 1711 917 1763 Qui

120 1782 220 1808 cum
250 1782 328 1821 per
356 1769 615 1821 singularem
648 1768 919 1820 religionem,

120 1827 275 1866 miram
309 1827 532 1878 pietatem,
564 1833 696 1878 atque
728 1826 917 1865 clemen-

119 1884 227 1924 tiam
274 1884 470 1936 plurimis
513 1883 714 1924 do&rina
756 1890 798 1923 et
840 1898 918 1923 ex-

120 1941 268 1994 emplo
297 1943 352 1981 ad
386 1941 590 1981 iustitiam
623 1955 674 1981 ac
706 1941 917 1993 pietatem

119 1999 341 2051 profuisset
367 2012 374 2039 ε
399 1998 680 2051 pontificatus
695 1999 754 2038 sui
774 1999 919 2039 mense

120 2057 292 2096 decimo
315 2057 506 2104 moritur,
524 2056 814 2109 sepeliturque
832 2056 918 2096 col-

120 2114 495 2166 lachrymantibus
556 2114 761 2154 omnibus
822 2120 918 2154 tan-

121 2185 254 2224 quam
278 2171 454 2224 publico
478 2178 659 2224 parente
683 2171 845 2211 orbatis
876 2173 919 2211 in

121 2229 294 2269 basilica
337 2229 452 2269 Petri
504 2234 662 2282 quarto
713 2229 919 2269 calendas

123 2286 235 2339 Iulij.

744 1063 780 1104 L
787 1064 890 1105 effla

412 2382 573 2423 Oratio.

129 2456 318 2539 DEus,
365 2457 439 2509 qui
491 2456 669 2497 beatum
724 2457 919 2497 Leonem

242 2515 495 2567 pontificem
527 2519 651 2555 tuum
676 2512 919 2554 san&orum

122 2578 296 2612 tuorum
330 2572 493 2611 meritis
517 2572 749 2624 coaequasti
783 2587 790 2612 :
820 2586 921 2612 con-

123 2629 229 2669 cede
244 2631 456 2682 propitius
477 2636 547 2669 :vt
564 2631 636 2682 qui
653 2643 920 2670 commemo-

124 2687 303 2726 rationis
335 2688 426 2726 eius
461 2687 565 2727 festa
607 2687 869 2740 percolimus
914 2703 920 2726 :

194 2843 202 2865 ¹
231 2842 329 2877 laetia
353 2856 358 2877 z
379 2844 420 2877 A.

193 2890 205 2910 ²
231 2890 289 2923 (lic
311 2891 363 2923 28.
388 2891 427 2923 in
446 2902 490 2924 m.

195 2937 206 2957 3
233 2938 437 2970 astalltlz'mcs
457 2950 468 2972 ‚·
489 2939 525 2970 Ρ.

1708 133 1786 175 137

985 217 1088 257 vitae
1111 228 1287 268 quoque
1310 214 1532 254 imitemur
1549 212 1757 266 exempla
1778 228 1785 252 :

986 287 1074 326 per.

987 373 1031 418 ΕΙ
1065 370 1225 410 Petrus
1244 376 1285 409 et
1303 369 1476 410 Paulas
1495 368 1690 422 Apostoli
1709 368 1787 408 du-

1032 428 1136 480 plex
1159 428 1313 467 mains.
1335 434 1375 467 et
1400 427 1556 467 habent
1584 433 1786 466 octauam.

1043 486 1126 526 Ad
1142 485 1340 538 vesperas
1401 484 1616 537 Hymnus.

1050 568 1167 608 Vrea
1185 566 1290 616 luce,
1307 573 1349 607 et
1367 567 1523 607 decore
1540 565 1661 605 roseo
1684 565 1786 605 Lux

1101 625 1208 665 lucis
1245 638 1376 665 omne
1413 623 1636 677 perfudisti
1673 623 1789 662 secu-

986 682 1077 723 lum
1122 699 1129 723 :
1176 683 1402 722 Decorans
1443 681 1580 721 coelos
1622 680 1788 732 inclyto

988 741 1198 793 martyrio
1224 741 1323 780 Hac
1346 740 1464 780 sacra
1486 739 1570 789 die,
1590 752 1688 791 quae
1711 739 1788 778 dat

988 799 1070 838 reis
1092 798 1278 839 veniam.

1048 857 1216 896 Ianitor
1244 855 1355 904 coeli,
1378 853 1533 895 doaor
1564 854 1680 894 orbis
1714 867 1790 906 pa-

988 914 1090 954 riter
1129 914 1301 954 Iudices
1343 913 1452 961 secli,
1493 926 1595 952 vera
1636 911 1790 951 mundi

987 971 1155 1012 lumina
1179 972 1260 1011 Per
1288 984 1462 1011 crucem
1496 970 1606 1009 alter
1640 983 1647 1009 :
1680 969 1791 1009 alter

988 1029 1087 1070 ense
1119 1028 1394 1081 triumphans
1432 1028 1550 1069 Vitae
1593 1027 1789 1067 senatum

989 1086 1174 1127 laureati
1197 1086 1423 1139 possident.

1047 1144 1115 1185 Sit
1143 1145 1328 1185 trinitati
1353 1143 1615 1196 sempiterna
1638 1141 1789 1195 gloria,

991 1203 1159 1251 Honor,
1181 1202 1372 1255 potestas
1399 1217 1405 1241 :
1431 1208 1563 1254 atque
1590 1200 1790 1240 iubilatio

990 1261 1042 1300 In
1074 1261 1242 1301 vnitate
1274 1260 1341 1299 cui
1375 1264 1525 1299 manet
1558 1259 1789 1310 imperium

989 1318 1062 1358 Ex
1102 1325 1207 1358 tunc
1248 1324 1291 1357 et
1334 1317 1467 1356 modo
1509 1330 1586 1369 per
1627 1322 1791 1356 aeterna

988 1376 1139 1416 secula.
1201 1375 1362 1415 Amen.

1309 1464 1471 1506 Oralc‘o.

995 1542 1184 1624 DEus,
1240 1541 1313 1593 qui
1362 1540 1621 1580 hodiernam
1672 1539 1789 1579 diem

1109 1598 1405 1652 apostolorum
1448 1604 1624 1638 tuorum
1662 1597 1791 1646 Petri,

988 1664 1031 1697 et
1067 1658 1189 1697 Pauli
1228 1656 1439 1708 martyrio
1481 1654 1734 1694 consecrasti
1780 1671 1788 1695 :

988 1715 1045 1755 da
1078 1714 1265 1754 ecclefiae
1307 1720 1394 1753 tuae
1433 1726 1583 1752 eorum
1622 1713 1664 1751 in
1697 1726 1791 1752 om-

989 1774 1117 1812 nibus
1133 1772 1248 1825 sequi
1267 1777 1538 1824 praeceptum
1561 1785 1567 1809 :
1589 1784 1664 1822 per
1679 1784 1789 1822 quos

988 1830 1211 1883 religionis
1230 1828 1404 1882 sumpsit
1423 1828 1656 1868 exordium
1681 1843 1688 1867 ε
1711 1841 1789 1880 per

989 1889 1233 1928 dominum.

989 1988 1033 2031 εἷ
1067 1984 1148 2024 Ad
1174 1981 1461 2024 matutimmzss
1484 1982 1789 2023 inm‘tatoriam

1046 2048 1086 2082 et
1104 2042 1289 2095 laynmzts
1316 2041 1367 2081 de
1395 2040 1611 2080 commum·
1636 2040 1789 2094 aposto-

1047 2100 1197 2140 lorum.
1257 2098 1402 2139 Laevo
1423 2098 1551 2138 tertia
1559 2099 1583 2138 ⁴.

997 2168 1207 2249 PEtrus
1244 2168 1445 2220 princeps
1480 2165 1788 2218 apostolorum,

1103 2225 1170 2265 cui
1208 2224 1401 2266 Christus
1443 2223 1690 2263 ascensurus
1732 2224 1786 2263 ad

991 2289 1159 2335 patrem
1172 2282 1292 2322 suurn
1307 2295 1485 2334 gregem
1501 2279 1789 2334 pascendum5

991 2341 1032 2380 id
1058 2340 1117 2380 est
1140 2340 1258 2379 suam
1289 2339 1511 2379 ecclesiam
1541 2338 1787 2390 gubernan-

992 2396 1117 2438 dam6
1154 2404 1219 2437 ter
1261 2396 1591 2436 commendauit
1633 2411 1641 2435 z
1686 2409 1786 2435 cum

992 2456 1130 2496 multa
1152 2454 1246 2507 post
1269 2454 1422 2495 Christi
1446 2453 1665 2493 ascensum
1688 2466 1787 2492 cum

991 2513 1195 2566 apostolis
1213 2511 1470 2559 confecisset,
1488 2525 1585 2563 quae
1608 2511 1663 2551 ad
1687 2524 1789 2550 con-

991 2570 1255 2611 stituendam
1290 2575 1333 2609 et
1367 2569 1701 2621 propagandam
1741 2567 1787 2607 fi-

992 2628 1093 2668 dem
1155 2627 1433 2680 pertinerent,
1491 2626 1659 2665 caeteris
1712 2638 1788 2677 per

993 2686 1142 2725 orbem
1161 2684 1355 2737 disperfis
1370 2685 1425 2724 ad
1445 2684 1788 2736 praedicandum‚

1063 2842 1073 2862 ⁴
1101 2842 1159 2876 dic
1181 2852 1233 2885 29.
1255 2841 1293 2874 in
1313 2853 1356 2875 m.

1102 2889 1322 2933 pascendam
1348 2901 1353 2922 :
1378 2889 1411 2921 l‘.

1064 2936 1075 2953 ‘⁵
1102 2935 1384 2979 gubernandum
1411 2947 1415 2969 ε
1442 2936 1475 2968 Γ.
