1981 3248
121 143 201 182 140

116 221 317 264 antonio¹
358 223 478 265 Vero
521 224 724 278 pontifex
774 223 917 267 sac‘tus

116 281 187 321 est.
252 281 339 322 Hic
368 296 548 334 poenam
572 283 720 324 statuit
749 283 813 337 ijs,
842 285 916 337 qui

117 339 392 393 negligenter
434 340 589 382 Christi
641 355 800 396 corpus
841 349 919 383 aut

117 396 372 450 sanguinem
411 397 708 440 attrectarent.
773 401 917 440 Poeni-

115 455 302 495 tentiam
365 456 599 510 (inquiens)
657 464 794 510 agant
854 458 914 498 xl.

115 513 270 554 diebus
322 527 509 566 quorum
554 514 822 567 negligentia
871 517 914 556 in

115 577 275 611 terram
301 571 466 624 aliquid
494 573 716 614 deciderit.
740 573 767 613 si
791 573 916 626 super

115 629 253 669 altare
303 629 442 669 tribus
492 630 659 679 diebus,
710 631 737 670 si
790 631 917 684 super

117 686 301 727 linteum
331 693 553 740 quattuor,
575 688 602 727 si
626 689 668 728 in
692 689 810 729 aliud
835 690 915 729 lin-

114 750 235 784 teum
260 758 420 785 nouem
443 746 607 787 diebus.
651 747 915 800 Vbicunque

115 802 332 851 ceciderit,
355 803 381 842 si
412 803 543 856 recipi
571 804 723 857 potest,
747 805 914 845 lamba-

115 866 197 908 tur,
238 860 296 900 sin
340 860 467 901 aliter
507 868 583 902 aut
625 862 805 912 lauetur,
838 869 915 904 aut

115 919 304 968 radatur,
324 918 463 959 lotum
480 926 523 959 et
542 919 681 960 rasum
700 927 776 961 aut
794 935 913 961 com-

114 976 307 1025 buratur,
340 983 416 1017 aut
448 978 490 1017 in
524 977 754 1019 sacrarium
788 993 913 1032 repo-

114 1041 254 1075 natur.
317 1034 511 1075 Demum
544 1036 616 1076 vbi
649 1051 706 1076 ex
737 1038 914 1077 ordina-

113 1092 307 1133 tionibus
329 1093 523 1146 quinque
553 1094 698 1134 mense
726 1095 914 1135 Decem-

112 1150 177 1189 bri
229 1149 393 1190 habitis
456 1151 735 1204 presbyteros
799 1154 910 1194 xix.

113 1209 322 1248 diaconos
389 1209 495 1261 ‚tx-xj.
564 1210 789 1263 episcopos
856 1226 913 1252 .X.

113 1266 301 1315 creasset,
325 1267 509 1306 moritur
541 1273 583 1307 et
617 1268 659 1308 in
693 1269 913 1309 Vaticano

113 1323 317 1376 sepelitur
349 1324 503 1377 quinto
536 1325 634 1365 idus
670 1325 783 1378 Iulij‚
812 1341 912 1367 cum

112 1382 280 1421 sedisset
322 1396 460 1422 annos
502 1383 578 1436 .xj.
618 1384 786 1425 menses
825 1385 911 1438 .iiij.

113 1440 205 1479 dies
228 1439 294 1492 iij.

114 1531 157 1575 Q]
177 1527 216 1567 A
226 1527 536 1582 naclctnspapa
551 1536 730 1581 martyr.
772 1530 917 1571 Lecho

436 1587 594 1628 fertiffi.

115 1654 391 1737 ANacletus
414 1669 530 1708 papa
550 1657 729 1696 natione
746 1671 914 1710 graecus

234 1714 377 1765 patria
419 1714 691 1762 atheniensis,
735 1716 914 1755 Traiani

114 1771 388 1823 temporibus
436 1771 654 1812 Clementi
698 1771 913 1819 suffectu&

113 1834 159 1868 vt
211 1828 400 1868 honestis
454 1830 660 1870 institutis
711 1830 914 1870 homines

114 1885 420 1926 ecclesiasticos
454 1887 673 1935 formaret,
711 1888 806 1941 lege
844 1903 915 1928 ve-

113 1945 209 1989 tuit,
239 1958 293 1984 ne
322 1944 550 1997 episcopus
580 1959 604 1985 a
634 1946 914 1998 paucioribus

114 2016 248 2054 quam
281 2016 306 2041 a
338 2003 478 2042 tribus
510 2003 723 2055 episcopis
766 2005 912 2044 initia-

114 2066 245 2100 retur.
293 2059 363 2100 Ac
386 2067 434 2100 vt
457 2061 599 2100 clerici
618 2062 805 2113 publice,
824 2076 912 2101 non

114 2117 320 2170 priuatim
343 2119 398 2158 ad
424 2118 563 2158 sacros
587 2120 762 2159 ordines
792 2120 913 2160 ascis-

115 2182 325 2216 cerentur.
370 2176 591 2217 Omnibus
610 2190 786 2229 quoque
809 2177 914 2217 fide-

114 2233 228 2273 libus
262 2235 483 2286 praecepit,
517 2240 564 2274 vt
598 2234 778 2287 pei-affta
810 2249 913 2275 con·

114 2291 351 2331 secratione
380 2293 768 2341 communicarent,
792 2307 910 2333 recu-

112 2349 254 2389 santes
292 2356 439 2389 autem
477 2350 532 2389 ab
565 2350 752 2403 ecclesijs
784 2351 910 2403 eijce-

112 2413 270 2447 rentur.
356 2407 442 2447 Hic
494 2408 628 2448 etiam
681 2408 789 2457 loca,
838 2409 911 2449 vbi

113 2464 298 2504 seorsum
355 2471 571 2517 martyres
629 2466 912 2518 sepelirentur

111 2522 364 2574 designauit.
430 2523 510 2562 Per
544 2524 586 2563 id
625 2530 801 2576 tempus
831 2525 909 2564 mi-

111 2594 207 2620 rum
250 2580 292 2619 in
336 2581 518 2619 modum
562 2581 823 2634 augescente
865 2596 909 2622 re

111 2637 351 2678 christiana.
437 2638 654 2678 Traianus
706 2646 909 2680 metuens

111 2709 165 2736 ne
216 2696 322 2748 quid
365 2696 622 2736 detrimenti
675 2696 909 2750 imperium

111 2766 342 2793 romanum
380 2753 482 2792 inde
515 2760 701 2806 caperet,
734 2755 909 2795 tertiam

110 2810 454 2865 persecutionem
474 2810 515 2850 in
535 2812 789 2852 christianos
808 2826 910 2852 con-

180 2918 191 2939 1
218 2918 408 2952 Antonino
434 2930 439 2952 :
462 2919 503 2952 R.
528 2920 564 2953 P.

180 2966 192 2986 '-'
219 2966 277 3000 die
301 2974 349 3008 13.
371 2966 410 2999 ill
430 2977 475 2999 m.

864 149 1048 181 IULIUS.

989 228 1115 269 cessit.
1180 228 1282 282 Qua
1318 244 1418 270 cum
1457 230 1667 283 permulti
1705 230 1792 283 alij,

988 292 1084 326 tum
1127 286 1170 326 in
1213 288 1364 340 primis
1416 288 1505 341 ipse
1545 287 1792 329 Anacletus

990 344 1202 397 martyrio
1263 353 1498 386 coronatur
1559 346 1630 399 .iij.
1693 346 1791 387 idus

990 401 1103 454 Iulij.
1150 402 1275 444 Sedit
1299 417 1440 444 annos
1460 417 1622 444 nouem
1641 419 1648 444 :
1667 417 1790 444 men-

988 458 1050 499 ses
1074 459 1125 512 .ij.
1151 461 1243 501 dies
1266 462 1433 503 decem.

988 552 1032 596 61
1075 549 1385 591 Bonauenmra
1420 551 1661 592 cardinalis
1699 546 1792 592 coiz-

1121 609 1266 661 fessor.
1326 609 1469 649 Lech'o
1491 610 1620 649 tertia
1628 608 1651 650 ³.

1061 687 1234 729 An&us
1266 690 1578 730 Bonauentura
1610 690 1789 731 natione

1078 747 1221 787 tuscus
1239 747 1282 787 in
1300 748 1466 801 oppido
1485 747 1650 788 Balneo
1668 749 1789 801 regio

987 804 1124 844 nobili
1161 819 1322 858 genere
1364 812 1505 854 natus,
1542 820 1659 846 anno
1701 806 1786 846 suae

985 864 1131 902 aetatis
1175 863 1346 904 circiter
1385 863 1786 916 vigesimosecundo

984 920 1242 973 religionem
1265 922 1383 961 beati
1412 922 1629 962 Francisci
1652 922 1787 962 susce-

984 979 1062 1031 pit.
1115 979 1174 1019 Et
1197 979 1338 1019 studio
1362 979 1585 1020 literarum
1609 981 1786 1020 deditus

983 1035 1248 1077 Alexandro
1291 1038 1346 1077 de
1383 1037 1492 1077 Ales
1530 1044 1787 1091 preceptore

984 1100 1157 1135 tantum
1190 1095 1387 1148 profecit,
1408 1102 1455 1136 vt
1486 1095 1671 1148 septimo
1704 1095 1787 1135 sus-

985 1159 1126 1205 ceptae
1150 1153 1371 1206 'religionis
1394 1167 1510 1193 anno
1534 1155 1576 1192 in
1599 1167 1785 1206 gymna-

984 1210 1041 1249 sio
1065 1210 1278 1263 parisiensi
1308 1211 1483 1263 publice
1513 1211 1670 1251 librum
1694 1211 1787 1251 sen-

985 1269 1224 1308 tentiarum
1288 1269 1660 1321 interpretaretur.
1720 1270 1786 1309 vir

984 1326 1164 1366 summae
1189 1326 1544 1377 mansuetudinis,
1561 1341 1611 1367 ac
1634 1325 1788 1367 [3116ὶί-

983 1384 1098 1424 tatis.
1160 1384 1297 1424 Anno
1325 1399 1428 1424 vero
1457 1386 1586 1425 tertio
1613 1386 1786 1425 decimo

984 1456 1118 1494 quam
1195 1442 1437 1495 susceperat
1517 1443 1785 1495 religionem,

984 1507 1155 1540 creatus
1174 1500 1233 1540 est
1251 1502 1387 1540 totius
1406 1501 1571 1541 ordinis
1594 1501 1786 1541 minister

983 1558 1209 1610 generalis.
1248 1558 1379 1611 Quod
1396 1573 1554 1599 munus
1570 1559 1786 1612 sapienter

984 1616 1343 1664 administrando,
1368 1617 1583 1657 summam
1608 1617 1666 1657 est
1690 1617 1782 1657 lau-

984 1675 1085 1713 dem
1110 1674 1378 1723 consecutus,
1401 1689 1487 1715 non
1519 1674 1657 1715 solum
1680 1675 1783 1715 doc-

984 1733 1110 1771 trinae
1141 1739 1183 1772 et
1214 1731 1523 1780 sanctimoniae,
1546 1732 1617 1773 sed
1648 1734 1781 1773 etiarn

983 1790 1147 1842 ingenij
1202 1797 1245 1830 et
1296 1791 1587 1832 dexteritatis.
1680 1790 1782 1844 Qua

983 1848 1102 1887 sama
1155 1846 1323 1897 duftus,
1380 1848 1616 1901 Gregorius
1664 1863 1782 1902 papa

982 1905 1042 1957 xj.
1067 1905 1334 1946 cardinalem
1365 1906 1504 1959 ipsum
1541 1913 1584 1946 et
1618 1907 1782 1959 episco-

982 1977 1088 2016 pum
1109 1963 1390 2004 albanensem
1414 1965 1589 2004 creauit.
1637 1965 1783 2006 Multa

982 2022 1051 2061 hic
1084 2035 1217 2073 opera
1249 2019 1489 2062 doctissime
1521 2022 1779 2076 conscripsit,

982 2093 1080 2131 quae
1113 2080 1293 2132 longum
1328 2080 1431 2119 esset
1468 2080 1696 2120 recensere.
1737 2082 1779 2121 in

981 2137 1215 2190 primisque
1247 2138 1527 2178 eruditissima
1556 2152 1780 2179 commen-

981 2195 1092 2235 taria
1109 2196 1150 2234 in
1167 2202 1376 2248 quattuor
1390 2196 1522 2236 libros
1546 2196 1780 2237 sententia-

979 2267 1087 2293 rum.
1143 2253 1269 2304 Obijt
1293 2260 1441 2293 autem
1462 2254 1671 2307 Lugduni
1694 2261 1781 2295 ter-

980 2312 1041 2351 tio
1058 2311 1154 2350 idus
1172 2311 1537 2364 Iulij‚claruitque
1549 2312 1778 2353 miraculis.

981 2369 1281 2422 Quamobrem
1299 2368 1323 2408 a
1340 2369 1479 2421 Xysto
1494 2383 1609 2423 papa
1624 2377 1781 2423 quarto

978 2440 1095 2466 anno
1118 2427 1286 2466 domini
1306 2427 1644 2480 M.cccc.lxxxij.
1669 2429 1782 2469 inter

980 2483 1152 2524 [3118105
1176 2484 1235 2524 est
1258 2484 1431 2525 relatus.

1018 2573 1061 2618 ΕῙ
1089 2570 1372 2624 symphorosa
1393 2585 1489 2611 cnm
1512 2571 1602 2625 ,Ἧι-7.
1613 2573 1733 2625 filijs

1038 2628 1316 2680 772a77‘y7'2'bus.
1378 2628 1525 2669 Lec‘Zio
1549 2630 1706 2672 tertiat

980 2696 1223 2779 ⁷]*Ybure
1245 2697 1544 2750 Symphorosa
1569 2705 1779 2765 ‘matrona

1092 2753 1349 2794 sanffitissima
1377 2769 1490 2795 vxor
1518 2756 1600 2796 fuit
1630 2756 1775 2797 Getuli

981 2813 1186 2865 martyris
1209 2827 1267 2852 ex
1291 2826 1377 2865 quo
1397 2812 1560 2866 septem
1586 2813 1697 2855 filios
1720 2817 1775 2856 ad

1054 2920 1067 2940 ³
1093 2920 1153 2955 die
1176 2930 1225 2962 14.
1247 2921 1286 2953 in
1307 2932 1352 2954 m.

1054 2967 1066 2988 ⁴
1094 2968 1154 3002 die
1177 2968 1216 3001 18
1236 2969 1275 3001 in
1296 2979 1340 3001 m.
