1981 3248
191 140 205 169 1
215 140 237 169 2
245 140 267 169 2

484 222 538 262 H
524 237 697 275 ymnus.

246 297 285 351 Q
292 311 391 338 uem
415 304 529 338 terra
538 297 558 339 ¹.

457 383 494 423 L
501 384 603 424 εὲῗίο
627 382 722 437 .ῑί’]’2.

246 457 397 498 Missus
420 458 480 499 est
502 458 694 511 angelus.

259 527 314 567 Vt
360 527 445 568 lzoec
492 529 638 568 omnia
685 528 899 569 habentur
945 528 990 568 in

188 585 316 639 officio
352 586 534 638 eiusdem
573 586 762 640 virginis
782 593 866 638 pro
888 585 989 638 sab-

189 643 301 684 batis
321 645 525 697 affignato
533 643 554 685 ¹.

233 742 276 786 (1
311 739 498 791 Priscus,
521 739 578 779 M
580 739 736 788 alclms,
760 746 799 780 et
818 739 946 779 Alex-

246 797 383 837 ander
402 804 621 850 772a7fty7fes.
671 798 815 838 Lec‘JiO
837 796 930 852 ‚2'24'7'3.

243 873 283 912 N
338 872 535 914 Caesarea
595 873 700 913 vrbe
764 872 990 912 Palestinae

270 945 370 971 cum
414 931 456 971 in
489 931 714 971 Valeriani
757 931 989 984 persecuti-

188 989 357 1037 onibuS,
381 989 519 1029 multa
553 988 577 1029 a
604 989 752 1029 multis
780 990 990 1041 martyria

188 1047 559 1094 consumarentur,
582 1053 668 1086 tres
692 1046 989 1087 adolescentes

190 1105 365 1153 Priscus,
405 1104 619 1152 Malchus,
652 1112 695 1145 et
728 1104 991 1145 Alexander

189 1163 485 1203 suburbanum
515 1162 708 1215 agellum
742 1162 991 1202 inhabitan-

188 1228 265 1270 tes,
295 1221 447 1261 diuino
480 1220 581 1261 fidei
615 1221 760 1260 calore
793 1220 989 1269 succensi,

189 1285 419 1332 coeperunt
452 1278 657 1332 segnitiae,
692 1285 825 1331 atque
868 1280 989 1331 igna-

187 1338 271 1378 uiae
324 1337 362 1376 se
415 1336 528 1389 ipsos
587 1336 792 1385 incusare,
856 1336 988 1389 Quod

188 1409 288 1436 cum
332 1394 527 1435 coelestes
566 1395 608 1434 iri
642 1395 746 1435 vrbe
789 1394 986 1447 martyrij

188 1467 362 1494 coronae
404 1459 763 1506 proponerentur,
798 1452 873 1505 ipsi
916 1453 991 1493 de-

190 1512 298 1552 sides
331 1518 375 1551 et
417 1510 588 1564 inglorij
625 1511 868 1560 residerent,
910 1524 990 1550 nec

188 1583 371 1623 regnum
395 1569 608 1609 coelorum
632 1574 848 1621 raperent,
870 1569 989 1622 quod

187 1629 277 1669 vim
321 1627 505 1668 testante
549 1627 718 1668 Christo
756 1633 990 1680 pateretur.

193 1686 277 1726 His
315 1686 448 1739 igitur
481 1692 523 1725 et
560 1685 722 1725 talibus
758 1684 990 1737 colloquijs

190 1745 303 1784 inter
335 1744 375 1784 se
407 1742 602 1792 hortati4‚
632 1743 783 1783 vrbem
819 1749 990 1796 petunt,

192 1810 235 1843 et
273 1801 462 1842 iudicem
497 1801 792 1841 truculentum
826 1802 990 1841 adeun-

192 1867 276 1901 tes:
318 1873 393 1901 cur
431 1865 605 1900 tantum
649 1860 692 1898 in
736 1859 989 1911 sanguinein

190 1919 362 1972 piorum
452 1916 689 1963 desaeuiret,
781 1916 988 1957 incusant.

191 1976 362 2030 Quibus
415 1975 486 2015 ille
538 1975 684 2023 iratus,
727 1974 872 2027 bestijs
915 1988 989 2014 eos

190 2035 400 2075 continuo
433 2033 545 2073 tradi
573 2033 703 2073 iubet.
768 2032 835 2072 Ea
857 2046 990 2085 poena

188 2093 346 2145 dignos
383 2091 467 2131 esse
504 2091 794 2144 proclamans,
832 2091 990 2143 quibus

191 2149 299 2191 non⁵
320 2150 512 2203 placeret
540 2149 712 2201 piorum
736 2148 989 2201 sanguinem

190 2209 367 2249 effundi.
443 2208 501 2247 Et
553 2207 605 2246 sic
658 2207 789 2246 alacri
842 2207 990 2246 animo

191 2267 402 2319 martyrio
449 2265 545 2305 sunt
587 2265 784 2305 coronati
828 2279 875 2304 .v.
921 2278 990 2304 ca-

192 2325 344 2365 lendas
366 2323 546 2377 Aprilis.

503 2437 542 2477 Α
542 2436 682 2491 prilz's.

230 2530 275 2575 (ἶ
307 2524 499 2578 lstdoms
518 2523 728 2577 episcopus
747 2523 954 2575 confessor.

459 2582 603 2622 Lech'o
624 2579 718 2634 .z'2'j⁶.

200 2658 428 2740 ISidorus
470 2657 649 2697 natione
686 2655 893 2708 hispanus
931 2669 989 2695 ex

274 2729 389 2756 noua
433 2714 711 2767 Carthagine,
755 2714 824 2754 cui
866 2720 992 2767 pater

261 2835 273 2857 1
300 2834 470 2879 vtsupra
489 2847 502 2868 .·
520 2833 602 2868 add.
623 2834 667 2868 A.

260 2881 274 2903 2
299 2882 359 2916 die
376 2889 443 2925 .25.
462 2881 503 2914 in
521 2892 566 2914 m.

261 2929 274 2951 3
300 2929 360 2963 die
379 2929 431 2962 28.
451 2929 492 2961 z'n
513 2939 557 2961 m.

259 2976 273 2998 ⁴²
297 2975 436 3010 hortari
460 2987 466 3009 z
488 2976 525 3009 Ρ.
541 2975 585 3008 A.

924 145 1134 176 APRILJS.

1059 220 1187 273 ipsius
1224 220 1498 262 Seuirianus⁷
1530 220 1862 270 dominabatur,

1060 277 1085 318 a
1129 277 1287 318 sanctis
1324 280 1425 319 viris
1471 279 1678 320 Leandro
1722 278 1860 319 archi-

1061 336 1265 389 episcopo
1288 336 1525 389 hispalensi,
1549 343 1592 377 et
1626 336 1861 389 Fulgentio

1060 394 1262 447 episcopo
1296 394 1527 447 astigitano
1550 394 1754 435 fratribus
1778 394 1861 434 suis

1061 450 1206 492 san&e
1224 459 1267 492 et
1286 452 1524 492 liberaliter
1541 453 1583 493 in
1603 452 1743 492 studio
1766 452 1861 492 lite-

1060 524 1204 550 rarum
1229 511 1441 550 educatus
1467 510 1538 559 est,
1561 517 1605 551 et
1635 511 1860 563 ingentem

1059 566 1307 608 dotarii-iam
1349 568 1494 617 latine,
1537 582 1691 621 graece,
1729 574 1862 621 atque

1058 626 1261 666 hebraice
1302 640 1402 666 cum
1455 640 1618 679 magna
1670 626 1861 666 nominis

1059 684 1259 724 claritate
1297 684 1563 724 consecutus.
1629 684 1715 724 Hic
1757 684 1861 724 ado-

1060 741 1222 782 lescens
1252 742 1396 782 adhuc
1424 742 1619 782 haerefim
1643 742 1862 782 arrianam

1058 814 1158 853 quae
1190 806 1369 853 gentem
1401 800 1670 841 Gotthorum
1704 799 1862 853 Hispa-

1059 859 1143 898 niae
1173 858 1372 898 latissime
1405 859 1712 898 dominantem
1739 859 1861 911 peni-

1058 922 1129 957 tus
1168 917 1255 956 iam
1291 916 1460 970 pridem
1503 916 1733 964 inuaserat,
1768 922 1861 956 tam

1058 973 1307 1014 constanter
1358 974 1505 1027 palam
1548 974 1772 1027 arguebat,
1816 980 1862 1014 vt

1060 1046 1197 1085 prope
1226 1032 1355 1072 suerit
1387 1039 1433 1073 vt
1466 1033 1522 1072 ab
1554 1032 1756 1072 Arrianis
1789 1046 1862 1072 ne-

1059 1097 1240 1130 caretur.
1304 1090 1392 1131 Sed
1440 1090 1659 1130 cohibitus
1701 1089 1726 1130 a
1779 1090 1862 1130 Le-

1060 1149 1198 1188 andro
1227 1148 1343 1188 hunc
1369 1148 1443 1188 sibi
1468 1148 1748 1188 successorem
1772 1147 1863 1187 fore

1060 1206 1360 1259 praesagiente,
1379 1213 1421 1246 et
1442 1212 1489 1246 vt
1512 1206 1551 1246 se
1574 1205 1863 1246 commodiori

1060 1265 1248 1317 tempori
1307 1264 1543 1304 reseruaret
1594 1264 1862 1313 admonitus,

1059 1322 1413 1375 indignationem
1437 1322 1711 1375 temperauit.
1778 1322 1864 1375 Igi-

1059 1386 1130 1420 tur
1154 1380 1358 1420 Leandro
1381 1380 1472 1420 vita
1494 1378 1658 1428 Γυηξὶο,
1677 1379 1864 1420 Isidorus

1061 1451 1224 1491 magno
1255 1439 1367 1491 regis
1400 1445 1443 1478 et
1475 1437 1626 1491 populi
1659 1437 1863 1477 consensu

1061 1497 1102 1536 in
1126 1495 1369 1549 Hispalensi
1391 1495 1765 1549 archiepiscopatu
1782 1495 1864 1535 suf-

1061 1553 1213 1594 ficitur.
1251 1554 1397 1607 Quam
1414 1552 1676 1594 elthionem
1689 1551 1863 1593 san6³cus

1062 1612 1297 1665 Gregorius
1330 1626 1446 1665 papa
1480 1611 1769 1659 confirmauit,
1805 1611 1864 1651 ei-

1060 1684 1145 1723 que
1168 1670 1350 1723 pallium
1374 1670 1486 1710 misit
1513 1670 1555 1709 iri
1589 1669 1861 1722 Hispaniam.

1063 1728 1163 1768 Fuit
1196 1735 1344 1768 autem
1375 1727 1525 1768 Isidori
1556 1733 1682 1767 tanta
1705 1724 1863 1768 (1οᾶῐί-

1060 1799 1128 1826 nae
1161 1800 1211 1826 ac
1244 1784 1484 1826 samffitatis
1517 1786 1679 1838 opinio,
1711 1791 1757 1825 vt
1790 1799 1861 1825 co-

1060 1841 1159 1884 ειξὶο
1174 1841 1379 1884 concilio8
1395 1843 1724 1896 generali,vltro
1733 1843 1861 1883 fuerit

1059 1901 1084 1942 a
1107 1901 1315 1954 pontifice
1342 1901 1542 1942 maximo
1572 1907 1765 1949 vocatus,
1789 1901 1862 1941 vbi

1062 1961 1220 2000 mirum
1244 1959 1314 2007 est,
1339 1966 1554 2012 quantum
1585 1959 1792 2012 ponderis
1819 1965 1863 1999 et

1060 2016 1334 2058 au&oritatis
1371 2017 1572 2057 habuerit
1607 2018 1649 2056 in
1688 2016 1863 2069 singulis

1061 2077 1189 2116 rebus
1214 2075 1362 2115 Isidori
1388 2075 1601 2115 sententia
1618 2075 1736 2127 apud
1754 2088 1863 2127 pon-

1059 2134 1236 2182 tificem,
1268 2140 1312 2173 et
1353 2147 1506 2173 omnes
1549 2132 1765 2186 praelatOS.
1799 2146 1863 2173 re-

1060 2191 1205 2232 uersus
1268 2197 1415 2231 autem
1479 2192 1521 2231 in
1588 2190 1860 2243 Hispaniam,

1060 2263 1159 2290 cum
1194 2249 1313 2289 suam
1344 2255 1531 2289 mortem
1559 2255 1602 2289 et
1635 2248 1861 2302 Hispaniae

1059 2307 1348 2349 vastationem
1381 2306 1407 2347 a
1443 2306 1654 2347 saracenis
1687 2306 1861 2359 publice

1061 2365 1342 2419 praedixisset,
1409 2365 1615 2418 migrauit
1680 2378 1703 2404 e
1772 2365 1863 2404 vita

1061 2424 1200 2477 pridie
1218 2436 1357 2463 nonas
1375 2422 1556 2476 Aprilis,
1571 2435 1687 2462 anno
1707 2421 1861 2463 Christi

1061 2482 1153 2521 nati
1203 2480 1399 2533 .dc.xxij.
1454 2480 1730 2533 sepultusque
1781 2479 1862 2519 fuit

1063 2539 1244 2592 Hispali.
1296 2539 1428 2578 Vnde
1450 2538 1599 2591 postea
1621 2536 1860 2578 translatus

1058 2596 1119 2637 est
1153 2597 1196 2636 in
1227 2596 1379 2636 vrbem
1418 2596 1662 2649 Legionem
1697 2594 1723 2635 a
1759 2595 1860 2635 Fer-

1060 2655 1207 2695 nando
1230 2668 1331 2707 rege
1354 2653 1588 2706 legionensi
1611 2653 1685 2706 qui
1703 2653 1787 2693 hoc
1804 2652 1859 2692 ab

1061 2713 1205 2753 Eneto
1228 2712 1430 2752 saraceno
1456 2711 1626 2764 Hispali
1649 2716 1860 2764 regnante

1131 2831 1145 2853 5
1170 2832 1270 2867 enim
1294 2843 1299 2866 :
1320 2833 1363 2866 A.

1131 2879 1144 2900 ‘³'
1170 2879 1230 2914 die
1247 2889 1280 2922 4.
1300 2881 1340 2913 in
1359 2891 1405 2913 m.

1133 2926 1145 2948 ⁷
1174 2926 1397 2961 Seuerianus
1420 2937 1426 2960 :
1448 2925 1489 2959 R.
1508 2926 1544 2960 P.
1560 2926 1602 2959 A.

1129 2973 1142 2995 8
1167 2973 1315 3007 consilio
1338 2985 1344 3007 :
1368 2974 1405 3007 P.
