1981 3248
778 148 1093 181 SEPTEMBER.

98 228 412 269 Thebanorum
443 226 589 281 legio¹,
614 241 713 280 quae
736 241 760 267 a
783 227 899 267 The-

97 287 163 326 bis
192 285 398 339 aegyptijs
429 286 550 326 missa
579 285 721 325 suerat
750 299 775 325 a
803 285 900 324 reli-

96 357 184 396 quo
207 344 384 395 agmine
407 360 413 384 :
435 357 490 383 ne
513 343 659 396 impijs
683 342 900 395 sacrificijs

628 400 729 454 Quo
761 400 901 440 anim-

97 401 327 449 interesset,
361 401 553 441 discessit.

96 458 278 498 aduerso
316 459 622 498 Maximianus
659 458 898 497 denuncia-

96 521 192 555 tum
214 516 275 556 eis
298 517 446 564 mittit,
468 522 516 556 vt
539 516 565 555 si
590 516 629 555 se
652 516 792 555 saluos
816 515 898 555 esse

95 573 245 620 velint,
268 574 467 626 protinus
491 574 533 613 in
557 573 695 613 castra
718 574 898 613 redeant

96 631 152 670 ad
186 631 402 672 sacrificia.
465 631 535 671 Illi
566 631 606 671 se
630 631 896 672 Christianos

97 688 180 728 esse
212 688 485 741 respondent,
508 695 552 729 et
584 686 612 728 a
641 689 803 729 talibus
836 688 898 727 sa-

98 745 271 797 crificijs
301 747 525 799 religione,
548 760 573 786 a
602 760 688 799 qua
716 746 897 785 minime

97 803 171 843 sibi
195 804 298 843 esset
320 804 644 852 discedendum,
663 803 896 857 prohiberi.

96 861 280 913 proinde
302 862 469 914 precari
492 863 815 914 imperatorem,
831 874 897 909 ne,

97 919 215 971 quod
239 919 336 972 ipsis
363 919 484 959 nefas
511 920 626 967 esset,
649 920 895 972 imperaret.

96 976 224 1017 Tunc
242 977 541 1017 maximianus
557 977 768 1017 maiorem
786 977 896 1016 iram

97 1034 211 1083 odio,
236 1033 390 1087 quem2
411 1035 455 1074 in
485 1034 752 1076 Christianos
774 1047 896 1087 gere-

96 1091 185 1140 bat,
222 1092 493 1144 suggerente,
527 1093 777 1141 Thebanos,
819 1092 894 1144 qui

97 1163 279 1189 numero
306 1156 430 1190 erant
459 1151 514 1190 ad
545 1150 620 1190 sex
643 1150 780 1190 millia
801 1150 896 1190 sex-

97 1208 212 1247 centi
242 1207 472 1260 sexaginta
499 1208 585 1255 sex,
609 1208 796 1248 immisso
819 1221 897 1247 ex-

96 1265 232 1305 ercitu
265 1279 421 1318 poenas
448 1266 552 1305 dare
581 1266 701 1306 iubet
723 1266 896 1305 decimo

97 1336 273 1375 quoque
288 1323 516 1364 trucidato.
550 1323 697 1375 Quam
716 1337 896 1376 poenam

97 1380 227 1420 semel
254 1387 297 1420 et
319 1381 477 1421 iterum
500 1381 720 1421 christiani
744 1381 896 1429 subire,

97 1444 141 1477 et
195 1439 374 1490 quidem
417 1438 606 1479 libenter
647 1438 897 1478 maluerunt

97 1494 275 1535 ari&01·e
318 1497 538 1544 Mauritio,
580 1510 712 1549 quam
761 1496 897 1548 impia

95 1553 310 1606 imperata
325 1553 476 1594 facere.
513 1554 734 1597 Postremo
750 1553 898 1593 Maxi-

96 1611 245 1651 miano
267 1625 354 1651 non
379 1612 544 1651 ferente
566 1612 896 1652 christianorum

96 1669 397 1717 constantiam,
435 1669 619 1710 vniuersi
661 1683 686 1709 a
728 1669 896 1722 reliquo

96 1727 292 1767 exercitu
316 1727 429 1767 illius
453 1727 636 1780 imperio
659 1727 897 1767 concidun-

94 1790 174 1825 tur.
236 1784 295 1824 Et
336 1785 390 1825 sic
431 1784 746 1825 Thebanorum
780 1784 896 1836 legio

96 1843 152 1882 ad
195 1842 414 1882 coelestem
457 1842 660 1882 militiam
713 1842 895 1882 commi-

94 1901 240 1952 grauit
261 1901 434 1940 decimo
452 1900 660 1941 calendas
676 1899 894 1942 Ostobris.

419 2009 580 2051 Oratio.

97 2084 291 2165 ANnue
323 2084 571 2137 quaesumus
613 2084 896 2136 omnipotens

213 2142 336 2190 deus,
363 2148 410 2181 vt
448 2140 693 2181 sanctorum
732 2148 896 2194 marty-

97 2213 191 2239 rum
214 2205 389 2239 tuorum
409 2199 603 2251 Mauritij
624 2205 666 2238 et
684 2199 895 2239 sociorum

97 2258 201 2305 cius,
218 2271 298 2297 nos
321 2256 514 2296 laetificet
537 2257 689 2296 festiua
713 2256 898 2296 solenni-

96 2321 165 2354 tas
207 2328 215 2354 :
249 2320 293 2355 et
329 2328 514 2366 quorum
553 2313 764 2366 suffragijs
797 2314 897 2353 niti-

98 2385 217 2412 mur:
235 2385 385 2412 eorum
404 2371 618 2424 natalitijs
635 2371 897 2425 gloriemur:

97 2443 185 2482 per.

99 2539 142 2584 (1
161 2536 423 2590 Lz'mtspapa
440 2543 615 2588 martyr.
638 2536 783 2576 Ᾱεέῗὶο
797 2534 897 2589 .2'’2'J³.

106 2612 258 2695 Enus
295 2626 411 2665 papa
447 2613 626 2652 natione
662 2611 805 2652 tuscus
840 2611 896 2651 ab

217 2671 372 2710 vltimo
406 2670 592 2709 Neronis
625 2683 740 2709 anno
766 2669 897 2721 Vsque

99 2729 153 2769 ad
177 2728 411 2781 vcspafiani
439 2734 641 2780 tempora
667 2726 898 2780 pontifica-

167 2850 178 2872 1
204 2850 350 2894 legione
375 2862 380 2884 :
402 2851 439 2885 P.

168 2897 181 2918 2
206 2897 308 2940 quod
331 2909 338 2930 :
359 2898 396 2931 P.

167 2945 181 2966 3
208 2944 278 2978 Die
298 2953 339 2987 23
361 2945 398 2977 in
419 2955 463 2977 m.

1690 144 1768 187 157

969 233 1064 267 tum
1096 226 1264 280 primus
1296 226 1390 279 post
1423 227 1600 266 Petrum
1634 227 1767 279 gessit,

969 284 1176 324 hortante
1198 285 1254 324 ad
1278 284 1320 324 id
1344 284 1604 324 humilitatis
1626 285 1769 336 gratia

971 342 1212 391 Clemente,
1247 342 1321 394 qui
1359 348 1540 394 quartus
1575 355 1600 381 a
1638 342 1768 381 Petro

970 400 1146 452 praefuit
1167 399 1367 439 ecclesiae.
1412 399 1628 452 Quamuis
1651 399 1767 438 enim

970 457 1058 510 ipse
1081 471 1106 497 a
1129 458 1259 497 Petro
1282 456 1357 497 sibi
1381 456 1589 496 successor
1606 454 1769 496 fuisset⁴¹

965 514 1219 563 destinatus,
1258 528 1312 554 ne
1359 520 1508 554 tamen
1547 513 1769 553 videretur

967 572 1197 612 ambitiose
1234 586 1374 624 agere,
1419 571 1533 611 Lino
1575 571 1766 623 primum

967 630 1094 678 cessit,
1119 630 1281 669 deinde
1314 629 1453 669 Cleto.
1518 629 1655 668 Linus
1689 629 1767 681 igi—

966 693 1037 727 tur
1058 701 1158 727 cum
1181 687 1251 727 dei
1270 686 1492 726 ecclesiam
1511 684 1767 726 sanffisfime

967 745 1278 793 moderaretur,
1296 744 1489 793 instituit,
1507 757 1650 796 nequa
1672 757 1768 783 mu-

965 802 1043 842 lier
1078 803 1153 842 nisi
1189 802 1335 842 velato
1368 802 1512 854 capite
1548 800 1766 853 templum

966 860 1275 913 ingrederetur.
1313 860 1527 912 Idemque
1543 873 1610 899 res
1624 858 1767 911 gestas

965 917 1083 958 beati
1116 919 1244 965 Petri,
1269 917 1494 970 presertim
1522 923 1676 956 contra
1700 916 1767 957 Si-

966 989 1145 1015 monem
1177 988 1372 1028 magum,
1406 975 1639 1028 diligenter
1670 987 1767 1026 per-

965 1033 1137 1085 scripsit.
1198 1033 1345 1073 Tanta
1385 1038 1479 1080 erat
1519 1032 1647 1072 huius
1687 1031 1766 1071 viri

965 1089 1170 1131 sanstitas
1202 1096 1246 1131 et
1278 1090 1398 1138 fides,
1429 1096 1476 1130 vt
1508 1103 1596 1129 non
1629 1088 1766 1129 solum

967 1149 1195 1189 daemones
1231 1148 1419 1201 fugaret,
1454 1147 1525 1188 sed
1569 1153 1767 1187 mortuos

966 1207 1099 1246 etiam
1132 1207 1176 1246 in
1207 1207 1344 1246 vitam
1377 1205 1614 1245 reduceret.
1677 1204 1766 1245 Sed

965 1263 1196 1303 hominum
1214 1264 1426 1312 caecitate,
1443 1262 1671 1315 cordisque
1688 1263 1767 1302 du-

966 1322 1076 1369 ritia,
1099 1319 1263 1361 facstum
1297 1320 1367 1369 est,
1389 1327 1436 1361 vt
1468 1334 1493 1360 a
1527 1320 1766 1361 Saturnino

967 1379 1142 1419 consule
1169 1395 1176 1420 :
1203 1380 1324 1419 cuius
1348 1378 1483 1418 filiam
1506 1392 1531 1418 a
1554 1378 1768 1418 daemoni-

965 1436 1046 1477 bus
1068 1437 1342 1484 liberauerat,
1356 1435 1534 1489 capitali
1557 1435 1768 1488 supplicio

966 1495 1024 1534 ob
1049 1495 1204 1535 Christi
1226 1493 1358 1534 fidem
1381 1493 1636 1534 afficeretur.
1689 1492 1768 1533 Se-

968 1552 1117 1605 pultus
1141 1552 1200 1592 est
1222 1557 1370 1591 autem
1395 1552 1522 1591 iuxta
1544 1550 1662 1591 beati
1687 1550 1766 1590 Pe-

968 1610 1022 1650 tri
1052 1623 1209 1662 corpus
1238 1610 1297 1650 ix,
1319 1609 1525 1649 calendas
1550 1605 1767 1656 Ofitobris‚

967 1681 1067 1708 cum
1106 1667 1273 1708 sedisset
1315 1680 1455 1706 annos
1496 1665 1555 1718 xj.
1597 1665 1767 1706 menses

966 1725 1035 1778 ‚iij.
1058 1726 1151 1765 dies
1173 1724 1261 1777 xij.

967 1835 1011 1880 Π
1035 1831 1205 1885 Cosmas
1225 1838 1264 1872 et
1279 1830 1530 1871 Damianus
1546 1836 1766 1882 marzjyres.

1207 1889 1352 1929 LeHio
1375 1888 1501 1929 tertia
1509 1887 1532 1929 ⁵.

1049 1975 1204 2017 Osmas
1246 1981 1288 2015 et
1331 1974 1578 2015 Damianus
1613 1973 1766 2014 fratres

1075 2034 1119 2073 in
1141 2033 1312 2085 Aegaea
1328 2032 1433 2072 Vrbe
1454 2031 1636 2071 Arabiae
1659 2032 1764 2080 nati,

967 2104 1223 2144 quanquam
1253 2095 1378 2130 erant
1409 2095 1503 2129 arte
1535 2089 1765 2129 medicinae

967 2148 1087 2189 doffi
1118 2148 1257 2200 magis
1280 2153 1429 2187 tamen
1454 2146 1609 2187 Christi
1631 2147 1765 2186 virtu-

968 2214 1011 2247 te
1044 2206 1256 2245 sanabant
1288 2218 1443 2245 omnes
1476 2203 1764 2244 infirmitates

968 2264 1098 2316 Quod
1118 2263 1299 2303 audiens
1316 2262 1465 2313 Lysias
1483 2261 1638 2313 praeses
1658 2261 1766 2301 Dio-

967 2322 1155 2362 cletiano
1188 2326 1231 2360 et
1264 2319 1543 2359 Maximiano
1578 2319 1766 2371 impera-

965 2380 1146 2426 toribus,
1168 2378 1327 2418 adduci
1364 2390 1438 2416 eos
1471 2376 1526 2416 ad
1559 2375 1599 2415 se
1632 2376 1764 2417 iubet.

969 2437 1057 2490 Qui
1089 2449 1189 2476 curn
1222 2435 1277 2474 ab
1310 2448 1361 2474 eo
1394 2433 1650 2485 interrogati
1686 2447 1764 2473 no-

969 2496 1088 2535 mina
1110 2509 1117 2533 :
1140 2493 1398 2545 patriam,et
1421 2491 1676 2543 religionem
1699 2491 1763 2530 in-

966 2550 1224 2593 cunftanter
1255 2546 1579 2601 exposuissent⁶,
1608 2562 1765 2588 manus

965 2609 1183 2663 pedesque
1233 2604 1378 2654 vinffl,
1419 2605 1628 2658 quoniam
1681 2606 1765 2658 dijs

966 2667 1203 2708 sacrificare
1254 2664 1567 2712 recusauerant,
1609 2663 1763 2703 imma-

966 2726 1129 2765 nissime
1158 2728 1431 2775 torquentur,
1457 2721 1544 2762 Sed
1577 2734 1677 2761 cum
1701 2721 1764 2761 vi-

1034 2846 1047 2867 4
1074 2845 1140 2880 fuit
1164 2858 1170 2880 2
1191 2846 1228 2879 P.
1245 2845 1287 2878 A.

1034 2893 1047 2913 ⁶
1073 2893 1132 2926 die
1151 2900 1204 2933 27.
1225 2893 1265 2925 z'n
1284 2902 1328 2924 m.

1035 2940 1048 2959 ⁰
1074 2939 1285 2984 exposuisset
1306 2950 1312 2971 :
1334 2939 1370 2971 P.
