1981 3248
774 144 1093 176 SEPTEMBER.

108 221 287 262 incensis
303 221 468 262 facibus
483 220 607 261 aduri
626 220 746 262 iusfit.
771 219 903 272 Quod

108 293 207 319 cum
266 279 397 319 alacri
456 279 604 319 animo
662 277 737 318 illa
795 277 904 317 tole-

108 337 245 385 rasset,
307 336 488 376 fustibus
550 336 624 376 diu
685 335 805 382 caesa,
861 340 905 375 et

106 399 228 434 trans
257 408 405 434 arcum
438 393 628 433 Faustini
659 391 803 441 ducffta‚
826 392 906 432 ibi-

107 451 208 491 dem
245 451 464 492 decollata
500 451 570 499 est,
606 450 714 490 Eius
755 457 904 490 autem

107 522 264 561 corpus
298 509 429 549 beata
466 508 632 550 Sabina
666 509 709 548 in
746 508 904 547 eodem

107 566 204 606 loco
234 566 448 620 Sepeliuit
473 566 603 607 tertio
632 579 771 605 nonas
795 565 906 618 Sep-

104 624 298 665 tembris.

163 735 207 779 (1
250 729 482 771 Natz‘m‘tas
521 730 583 769 M
580 730 673 770 arie
715 729 907 782 virginis

104 788 257 839 duplex
288 788 432 828 mains
466 795 507 828 et
544 787 668 828 habet
696 789 904 828 offlmam.

103 845 185 885 Ad
202 845 400 898 vesperas.
442 846 658 897 flymmts.

162 920 263 960 Aue
287 920 418 960 maris
441 919 596 960 stella¹.

427 1021 589 1063 Oratio.

109 1096 362 1178 FAmulis
404 1097 490 1137 tuis
537 1096 785 1150 quaesumus
827 1097 904 1137 do-

214 1155 331 1194 mine
363 1154 528 1194 celestis
559 1155 712 1207 gratiae
745 1169 904 1195 munus

105 1211 349 1264 impertire2
377 1228 384 1253 :
405 1218 452 1252 vt
474 1213 632 1265 quibus
655 1213 798 1252 beatae
820 1213 904 1253 vir-

104 1270 217 1322 ginis
260 1277 409 1322 partus
452 1271 602 1310 extitit
639 1269 785 1310 salutis
827 1284 904 1310 ex-

104 1327 276 1367 ordium
305 1344 312 1368 :
341 1326 608 1367 natiuitatis3
637 1328 728 1367 eius
754 1329 905 1368 votiua

104 1385 341 1425 solennitas
383 1386 503 1438 pacis
553 1385 718 1426 tribuat
769 1386 905 1426 incre-

104 1448 314 1483 mentum.
378 1444 468 1483 Per.

161 1542 200 1581 A
210 1542 244 1582 d
256 1541 535 1583 vmtnlz'nmn.
559 1541 863 1582 z‘nzcz'mtoriztm
870 1539 895 1582 ⁴¹.

164 1617 460 1657 Natiuitatem
475 1617 657 1670 virginis
677 1616 824 1656 mariae
840 1630 907 1656 ce-

104 1675 337 1724 lebremus,
372 1675 591 1716 Christum
634 1674 726 1715 eius
768 1674 905 1714 filium

105 1733 340 1773 adoremus
363 1733 604 1773 dominum.

391 1823 608 1875 Hymnus.

162 1898 201 1940 O
224 1898 421 1952 gloriosa.

354 2002 498 2042 Lcc'Zz'o
520 2001 660 2042 tertia.

113 2076 180 2157 N
221 2075 331 2116 Aria
379 2076 503 2128 virgo
555 2075 712 2116 Christi
765 2081 906 2115 mater

249 2141 420 2186 patrem
452 2133 607 2173 habuit
643 2132 903 2172 Ioachinum

103 2191 245 2231 ciuem
289 2191 511 2230 Nazareth
543 2190 659 2230 vrbis
694 2189 904 2238 Galilaeae,

104 2255 147 2288 et
184 2255 371 2288 matrem
413 2248 596 2288 Annam
639 2261 696 2287 ex
738 2247 904 2300 oppido

103 2305 375 2353 Bethlehem,
393 2306 546 2345 ambos
564 2319 621 2345 ex
640 2304 754 2344 tribu
780 2305 903 2344 Iudae

104 2377 162 2403 ex
200 2377 321 2403 more
361 2364 625 2411 Iudaeorum,
657 2362 813 2414 quibus
846 2376 903 2402 ex

105 2421 177 2461 sua
200 2421 356 2473 cuique
380 2420 516 2461 Tribu
539 2433 722 2460 vxorem
746 2420 903 2460 ducere

105 2478 351 2531 legitimum
404 2484 497 2518 erat
542 2483 586 2517 et
636 2477 902 2517 consuetum.

106 2536 340 2576 Ioachinus
394 2535 535 2588 Igitur
579 2541 622 2575 et
663 2534 799 2575 Anna
840 2534 903 2574 as-

105 2593 224 2634 fidua
246 2599 289 2633 et
316 2592 502 2633 mirabili
533 2592 742 2645 religione
769 2592 901 2632 deum

105 2651 311 2699 colentes,
361 2651 626 2703 tripartitam
678 2649 902 2690 habebant

105 2708 276 2748 suorum
286 2708 501 2748 bonorum
512 2708 738 2748 rationem.
755 2708 901 2747 Vnam

104 2766 219 2806 enim
237 2772 404 2818 partem
424 2766 702 2819 pauperibus,
717 2765 900 2805 alteram

176 2854 183 2875 ¹
203 2855 300 2899 solio
319 2855 450 2888 vllt'mo
475 2867 479 2888 :
499 2855 582 2889 add.
604 2855 643 2889 A.

175 2901 188 2922 ²
214 2901 403 2945 impartire
430 2914 435 2935 :
457 2903 493 2934 P.
511 2902 552 2935 Λ.

177 2948 189 2970 ³
215 2948 391 2983 natiuitas
417 2949 485 2983 :A.

1699 141 1774 184 153

973 218 1142 272 templo
1165 219 1341 272 eiusque
1370 219 1573 260 ministris
1600 221 1773 261 dicaue-

973 283 1083 317 rant.
1106 278 1236 317 tertia
1258 277 1299 316 se
1321 277 1529 330 suamque
1560 278 1772 318 familiam

974 335 1165 375 alebant.
1227 334 1315 375 Sed
1339 335 1381 374 in
1406 335 1575 382 iustitia,
1598 349 1706 388 pace
1729 342 1774 376 et

974 393 1138 445 gaudio
1169 392 1507 445 perseuerantes,
1535 407 1645 433 vnus
1677 400 1773 434 tan-

974 456 1069 495 tum
1116 450 1242 490 dolor
1291 449 1528 490 sterilitatis
1569 451 1773 503 angebat,

975 507 1096 547 nulla
1136 507 1259 560 prole
1292 507 1388 560 post
1423 521 1589 548 annum
1624 509 1773 548 matri-

975 565 1108 618 monij
1127 565 1381 618 vigesimum
1397 571 1637 618 procreata,
1654 567 1772 618 quod

975 628 1102 675 turpe
1131 629 1174 663 et
1206 622 1399 662 infamiae
1433 622 1529 663 loco
1562 623 1676 664 inter
1710 624 1774 664 iu-

974 681 1095 720 daeos
1145 680 1401 721 habebatur.
1465 680 1622 734 Itaque
1675 682 1773 721 Ioa-

975 738 1129 778 chinus
1151 752 1251 778 cum
1282 738 1324 778 in
1355 738 1462 778 sesto
1491 739 1772 779 enceniorum

977 795 1292 848 Ierosolymam
1311 796 1524 836 adorandi
1542 797 1684 849 gratia
1700 811 1773 837 ve-

975 854 1109 902 nisset,
1123 853 1343 906 velletque
1361 853 1546 907 supplex
1561 855 1616 894 ad
1636 854 1773 894 altare

974 912 1044 952 dei
1088 925 1246 951 munus
1280 911 1445 959 offerre,
1482 912 1674 964 repulsus
1713 912 1773 952 est

973 969 1030 1009 ab
1055 969 1253 1009 Isachare
1275 969 1498 1009 sacerdote
1520 983 1619 1009 cum
1650 970 1772 1023 igno-

974 1027 1120 1075 minia,
1163 1027 1280 1079 quasi
1323 1027 1528 1080 indignus
1570 1027 1683 1076 esset,
1716 1028 1773 1068 ob

973 1084 1151 1138 longam
1203 1084 1484 1133 sterilitatem,
1526 1085 1600 1137 qui
1653 1099 1773 1125 more

972 1149 1147 1195 patrum
1189 1149 1233 1183 et
1283 1142 1589 1182 foecundorum
1632 1143 1774 1183 homi-

974 1214 1079 1240 num
1121 1200 1178 1240 ad
1220 1214 1321 1240 eum
1355 1200 1500 1240 locum
1534 1201 1772 1242 accederet.

975 1258 1076 1311 Qua
1117 1258 1287 1311 repulsa
1336 1258 1624 1298 moestissimus
1675 1259 1772 1298 Ioa-

974 1316 1139 1365 chinus‚
1173 1330 1253 1355 nec
1285 1315 1426 1356 ferens
1468 1330 1557 1368 prae
1590 1317 1770 1369 pudore,

975 1373 1147 1413 suorum
1185 1373 1346 1413 ciuium
1389 1372 1682 1426 conspefftum,
1715 1374 1772 1414 acl

975 1431 1124 1471 caulas
1142 1431 1312 1471 secessit.
1375 1431 1456 1472 Cui
1486 1431 1580 1484 post
1603 1432 1772 1484 aliquot

975 1489 1068 1529 dies
1086 1503 1184 1528 cum
1207 1488 1450 1542 pastoribus
1468 1490 1771 1536 commoranti,

975 1552 1019 1587 et
1052 1547 1252 1599 precibus
1294 1547 1465 1587 assiduis
1497 1560 1523 1586 a
1554 1547 1638 1587 deo
1670 1561 1772 1587 con-

975 1605 1188 1653 tendenti,
1235 1611 1281 1645 vt
1332 1618 1430 1644 eam
1482 1618 1506 1644 a
1558 1604 1599 1645 se
1649 1605 1772 1657 igno-

977 1662 1158 1702 miniam
1210 1661 1450 1716 depelleret
1501 1662 1683 1715 angelus
1732 1663 1773 1702 se

976 1719 1176 1769 ostendit,
1208 1726 1252 1760 et
1289 1721 1406 1760 bono
1445 1721 1594 1760 animo
1631 1720 1771 1772 ipsum

976 1777 1060 1817 esse
1091 1777 1257 1826 iubens,
1290 1791 1439 1830 preces
1476 1778 1568 1817 eius
1600 1778 1773 1818 auditas

976 1835 1059 1875 esse
1081 1849 1107 1875 a
1135 1836 1219 1875 deo
1243 1836 1527 1884 renunciauit,
1550 1835 1773 1888 filiamque

975 1893 1306 1946 procreandam,
1328 1906 1427 1945 quae
1459 1893 1593 1941 Sarae,
1617 1899 1660 1933 et
1685 1894 1775 1934 Ra-

975 1950 1109 1991 chelis
1132 1950 1300 2003 prolem
1331 1950 1521 2003 mysterij
1553 1952 1775 2003 magnitu-

975 2009 1076 2048 dine
1099 2008 1328 2061 superaret.
1387 2008 1487 2061 Qua
1510 2009 1581 2061 spe
1604 2008 1774 2049 ereans

975 2066 1184 2119 laetusque
1223 2066 1458 2106 Ioachinus
1495 2067 1678 2106 domum
1711 2080 1775 2106 re-

974 2130 1140 2176 petens,
1161 2124 1288 2163 vxori
1311 2123 1521 2171 obuiauit,
1544 2137 1642 2176 quae
1672 2138 1772 2164 cum

975 2182 1013 2221 ei
1055 2195 1231 2234 quoque
1272 2181 1536 2234 apparuisset
1577 2181 1772 2234 angelus,

975 2239 1220 2291 eademque
1254 2239 1505 2288 nunciasset,
1537 2237 1669 2291 plena
1701 2239 1773 2291 spe

975 2302 1019 2336 et
1059 2296 1222 2348 gaudio
1256 2296 1312 2336 ad
1347 2296 1505 2336 marito
1537 2303 1772 2349 congratu-

974 2354 1155 2394 landum
1212 2353 1489 2406 properabat.
1565 2353 1772 2394 Salutant

974 2411 1106 2464 igitur
1127 2411 1240 2451 inter
1270 2411 1309 2451 se
1337 2425 1435 2450 cum
1466 2411 1666 2451 maxima
1699 2411 1772 2451 lae-

973 2470 1082 2517 titia,
1119 2474 1162 2508 et
1195 2468 1294 2515 visa,
1330 2469 1488 2521 deique
1519 2469 1771 2521 promissum

974 2527 1260 2574 conserentes,
1277 2526 1459 2566 domum
1483 2532 1771 2567 reuertuntur.

975 2584 1191 2635 Concepit
1214 2584 1346 2637 igitur
1359 2583 1494 2624 Anna
1512 2584 1661 2624 diuino
1681 2598 1773 2624 mu-

974 2656 1086 2690 nere,
1119 2642 1329 2694 sextoque
1364 2642 1461 2681 idus
1497 2641 1770 2694 Septembris

975 2700 1164 2741 Mariam
1217 2699 1399 2752 peperit,
1441 2713 1539 2752 quae
1586 2705 1633 2739 vt
1676 2699 1773 2739 Eua

975 2758 1180 2798 maritum
1204 2757 1260 2796 ad
1288 2754 1541 2809 peccatum⁵
1563 2756 1771 2805 alliciens,

1046 2849 1057 2870 4
1084 2849 1143 2883 die
1161 2850 1180 2883 8
1199 2850 1239 2882 in
1258 2860 1302 2882 m.

1046 2897 1058 2916 ⁵
1084 2896 1315 2941 peccandum
1342 2907 1346 2929 :
1369 2896 1405 2929 P.
1426 2896 1468 2929 A.
