1981 3248
567 576 772 616 INDEX
826 577 1374 620 ANTIPHONARUM.

142 700 237 732 Haec
253 701 322 732 dies
339 712 438 742 quam
455 702 529 733 fecit
547 702 710 741 dominus,
732 711 771 745 59

140 744 194 775 Ne
210 744 438 781 reminiscaris,
457 756 497 785 42

139 787 237 819 Salve
253 788 365 829 regina
381 788 634 825 misericordiae,
653 799 691 829 ²5

1008 703 1120 735 Sancti
1138 703 1191 734 dei
1208 714 1333 739 omnes,
1354 714 1392 744 23

1007 747 1075 778 Sub
1093 753 1185 778 tuum
1203 747 1414 788 praesidium,
1438 758 1476 788 23

619 1027 826 1068 INDEX
880 1027 1322 1070 CANTICORUM„

134 1158 260 1189 Audite
276 1158 358 1189 caeli
375 1169 458 1200 quae
474 1159 601 1200 loquor,
623 1159 661 1191 16

135 1201 326 1233 Benedicite
341 1202 453 1234 omnia
469 1213 579 1244 opera,
601 1214 617 1234 2

134 1244 333 1276 Benedictus
348 1245 501 1277 dominus
517 1247 597 1277 deus
614 1246 726 1281 Israel,
746 1257 762 1277 2

135 1288 315 1319 Cantemus
336 1289 488 1320 domino:
513 1290 656 1330 gloriose
676 1290 763 1320 enim
786 1289 936 1331 magnifi-

177 1336 268 1362 catus
285 1336 343 1367 est,
365 1343 376 1363 1
387 1343 399 1362 1

135 1373 329 1406 Confitebor
343 1375 403 1405 tibi
420 1375 569 1414 domine,
587 1376 607 1408 6

134 1417 279 1449 Domine
294 1418 405 1449 audivi
421 1419 625 1450 auditionem
642 1424 743 1457 tuam,
769 1429 804 1458 13

1007 1161 1081 1201 Ego
1098 1160 1166 1191 dixi
1183 1161 1216 1191 in
1234 1160 1373 1191 dimidio
1389 1162 1528 1199 dierum,
1551 1171 1567 1202 7

1007 1203 1177 1235 Exultavit
1195 1214 1251 1235 cor
1267 1215 1377 1235 meum
1394 1205 1427 1235 in
1445 1205 1591 1241 domino,
1610 1215 1628 1246 9

1007 1247 1201 1288 Magnificat
1217 1247 1328 1278 anima
1343 1258 1426 1286 mea,
1449 1258 1466 1289 5

1006 1291 1105 1321 Nunc
1122 1290 1272 1326 dimittis,
1291 1300 1308 1330 5

1006 1333 1204 1375 Quicunque
1220 1334 1290 1365 vult
1307 1334 1415 1365 salvus
1432 1345 1513 1373 esse,
1535 1346 1551 1374 3

1005 1377 1054 1408 Te
1072 1377 1181 1407 Deum
1199 1378 1381 1415 laudamus,
1407 1389 1418 1408 1

391 1661 595 1701 INDEX
652 1660 1036 1703 HYMNORUM
1093 1661 1544 1703 METRICORUM.

130 1792 186 1823 Ad
202 1803 339 1823 coenam
356 1792 430 1833 agni
448 1793 587 1833 providi,
607 1803 647 1834 59

131 1836 259 1867 Adesto
277 1836 398 1867 Sancta
416 1836 571 1874 Trinitas,
594 1845 629 1876 71

131 1880 277 1910 Aeterna
294 1879 418 1910 Christi
435 1890 570 1910 munera
585 1880 822 1921 apostolorum,
845 1881 904 1920 184

131 1922 277 1953 Aeterna
294 1922 417 1953 Christi
433 1933 568 1954 munera
586 1928 618 1954 et
633 1928 825 1964 martyrum,
847 1926 905 1963 185

130 1966 275 1997 Aeterne
291 1976 347 1996 rex
362 1966 531 2002 altissime,
549 1965 588 2006 67

130 2009 308 2050 Angularis
324 2009 585 2047 fundamentum,
610 2009 668 2040 168

129 2052 237 2083 Antra
253 2052 373 2083 deserti
389 2053 509 2083 teneris
525 2053 584 2083 sub
602 2052 705 2091 annis,
731 2062 788 2093 135

130 2096 162 2125 A
178 2095 256 2126 solis
272 2100 362 2126 ortus
379 2096 522 2131 cardine,
545 2097 604 2127 180

131 2138 221 2169 Audi
237 2138 380 2179 benigne
397 2139 557 2177 conditor,
579 2150 618 2179 42

128 2183 201 2213 Ave
217 2182 315 2212 maris
332 2182 436 2217 stella,
458 2191 513 2222 191

163 2247 182 2260 „
214 2225 247 2255 in
265 2225 502 2265 purificatione,
527 2236 585 2265 113

224 2291 243 2304 ‚,
262 2268 528 2306 annunciatione,
552 2277 606 2299 121

224 2334 243 2347 ,,
262 2311 458 2347 visitatione,
481 2321 539 2353 139

223 2377 243 2390 ,,
260 2354 344 2385 festo
360 2354 401 2385 ad
418 2354 520 2392 nives,
545 2364 600 2393 145

223 2420 242 2432 „
260 2397 494 2438 assumptione,
517 2408 576 2440 149

161 2462 181 2475 „
223 2463 242 2475 „
261 2441 443 2475 nativitate,
466 2450 524 2481 153

160 2505 182 2519 ‚,
223 2506 242 2519 ,‚
261 2484 512 2524 presentatione,
545 2493 604 2524 170

163 2549 184 2562 ,‚
227 2549 245 2562 „
263 2527 489 2567 conceptione,
514 2535 572 2566 177

127 2569 238 2600 Aurea
255 2570 326 2601 luce
343 2575 374 2601 et
391 2570 509 2600 decore
526 2580 630 2606 roseo,
653 2578 710 2609 137

127 2612 232 2643 Aures
249 2613 290 2643 ad
308 2618 435 2643 nostras
452 2613 583 2644 deitatis
600 2623 723 2654 preces,
746 2612 787 2651 46

127 2655 255 2686 Aurora
272 2656 352 2686 lucis
369 2656 490 2692 rutilat,
509 2658 550 2694 58

127 2698 256 2729 Christe
274 2699 462 2740 redemptor
479 2699 625 2729 omnium
644 2709 810 2734 conserva,
834 2699 890 2736 165

127 2741 258 2772 Christe
276 2742 462 2783 redemptor
480 2742 627 2773 omnium
644 2753 683 2773 ex
700 2748 803 2782 patre,
830 2744 888 2772 180

126 2784 258 2815 Christe
275 2791 461 2816 sanctorum
479 2786 578 2816 decus
595 2786 800 2826 angelorum,
826 2785 885 2824 158

126 2827 291 2858 Conditor
307 2828 393 2859 alrne
409 2828 574 2868 syderum,
594 2839 634 2868 24

127 2870 218 2900 Deus
235 2876 363 2901 tuorum
382 2871 534 2909 militum,
560 2873 616 2911 185

126 2913 253 2944 Doctor
268 2915 398 2954 egregie
417 2915 516 2944 Paule
534 2924 640 2945 mores
657 2914 790 2951 instrue,
816 2924 873 2955 109

164 2979 182 2991 „
215 2957 246 2987 in
263 2957 575 2988 commemoratione
593 2957 694 2995 <lunii
714 2959 779 2996 30),
805 2967 862 2997 139

1000 1794 1134 1825 Exultet
1151 1794 1280 1824 coelum
1298 1794 1460 1832 laudibus,
1484 1796 1544 1834 184

999 1838 1133 1868 Exultet
1150 1837 1303 1868 laudibus
1320 1843 1446 1868 sacrata
1462 1838 1590 1874 concio,
1613 1837 1672 1878 146

997 1880 1114 1911 Gaude
1130 1887 1235 1911 mater
1251 1880 1396 1921 pietatis,
1418 1889 1474 1921 145

998 1924 1116 1954 Hostis
1134 1924 1288 1955 Herodes
1305 1924 1416 1964 impie,
1443 1934 1502 1963 104

998 1967 1107 1998 Huius
1128 1968 1266 1998 obtentu
1289 1967 1369 1998 deus
1390 1967 1475 1998 alme
1492 1968 1611 1999 nostris
1631 1968 1677 2006 (in
1695 1968 1729 1999 S.
1750 1969 1800 1999 M.

1083 2010 1225 2051 Magd),
1251 2021 1306 2049 141

1055 2076 1075 2089 ,,
1202 2076 1208 2089 ,
1257 2052 1302 2092 (S.
1323 2052 1447 2093 Anna),
1474 2064 1531 2094 143

996 2096 1068 2127 Iam
1099 2097 1186 2127 bone
1221 2102 1332 2137 pastor
1365 2098 1460 2128 Petre
1494 2098 1638 2128 clemens
1676 2098 1799 2139 accipe,

1043 2150 1054 2170 1
1065 2140 1101 2172 16

996 2183 1068 2213 Iam
1086 2182 1236 2213 Christus
1253 2187 1339 2213 astra
1356 2183 1561 2218 ascenderat,
1580 2182 1621 2225 69

996 2226 1067 2256 Iam
1085 2225 1166 2256 lucis
1183 2231 1256 2256 orto
1272 2226 1398 2266 sydere,
1420 2237 1458 2266 23

996 2269 1071 2299 Iesu
1088 2279 1211 2300 corona
1227 2269 1354 2307 celsior,
1379 2269 1437 2300 186

995 2312 1071 2343 Iesu
1089 2317 1200 2342 nostra
1217 2312 1413 2352 redemptio.
1432 2311 1473 2343 66

994 2355 1069 2386 Iesu
1087 2355 1231 2386 saluator
1247 2355 1359 2390 seculi,
1381 2354 1440 2386 166

994 2398 1062 2429 Iste
1079 2398 1246 2429 confessor
1263 2398 1390 2428 domini
1407 2404 1562 2435 sacratus,
1589 2398 1646 2429 186

996 2441 1122 2472 Lustris
1140 2451 1196 2472 sex
1213 2441 1269 2482 qui
1287 2441 1352 2471 iam
1370 2441 1519 2482 peractis,
1544 2442 1602 2472 128

1054 2507 1060 2520 ,
1153 2507 1172 2519 ‚,
1197 2484 1230 2514 iu
1248 2485 1448 2515 exaltatione
1467 2484 1502 2516 S.
1521 2485 1646 2520 Crucis,
1669 2495 1728 2524 154

995 2528 1121 2567 Martyr
1138 2527 1192 2558 dei
1208 2528 1264 2568 qui
1280 2528 1423 2565 unicum,
1450 2529 1505 2566 185

995 2571 1105 2601 Nocte
1122 2576 1290 2611 surgentes
1307 2570 1480 2611 vigilemus
1497 2581 1622 2609 omnes,
1646 2581 1685 2613 39

995 2614 1094 2644 Nunc
1111 2620 1222 2644 sancte
1239 2614 1335 2644 nobis
1352 2614 1496 2654 spiritus,
1516 2625 1555 2654 24

995 2657 1025 2687 O
1044 2657 1198 2688 Gloriosa
1215 2657 1360 2694 domina,
1387 2658 1444 2688 188

1215 2700 1248 2730 111
1266 2700 1503 2741 purificatione,
1528 2710 1584 2739 113

1259 2743 1457 2779 visitatione,
1480 2753 1538 2785 139

1259 2786 1341 2817 festo
1359 2786 1400 2816 ad
1418 2786 1519 2821 nives,
1542 2795 1599 2826 145

1258 2830 1494 2870 assumptione,
1516 2839 1574 2870 149

1262 2873 1445 2907 nativitate,
1469 2881 1527 2912 153

1263 2916 1515 2956 presentatione‚
1539 2926 1591 2955 171

1262 2959 1489 2999 conceptione,
1517 2967 1573 2998 177

1553 3024 1683 3063 13—2
