1981 3248
193 138 269 178 152

190 220 308 260 mine
344 216 596 259 veneranda
633 215 844 256 festiuitas
887 212 996 253 salu-

190 278 296 318 taris
338 275 489 328 auxilij
540 275 667 316 nobis
713 272 889 327 praestet
935 271 995 311 ef-

190 334 356 376 fecfftum
382 348 390 375 :
413 348 492 388 per
514 333 757 374 dominum.

429 423 575 464 Lam
598 422 726 464 tertia
739 420 760 462 ¹.

246 500 426 542 Oannes
469 497 583 538 filius
630 496 844 537 zachariae
893 508 993 535 cum

274 555 440 598 fa&um
473 556 577 595 esset
608 555 791 595 verbum
826 553 994 593 domini

192 616 319 669 super
352 614 491 667 ipsum
525 614 567 653 in
601 613 781 660 deserto,
815 611 995 651 indutus

191 674 453 714 vestimento
471 685 529 711 ex
548 671 645 724 pilis
664 669 933 710 camelorum
952 674 997 708 et

193 745 305 772 zona
328 729 521 783 pellicea,
544 729 666 768 venit
688 729 731 768 in
755 727 994 780 regionem,

192 803 327 842 quam
389 787 584 828 interluit
648 786 862 834 IordaniS,
919 784 993 825 vbi

193 846 387 888 Christus
429 846 484 885 ab
527 858 579 884 eo
624 843 874 896 baptizatus
922 842 993 889 est,

191 905 436 958 praedicans
471 902 737 955 baptismum
776 901 994 954 poeniten-

191 964 277 1011 tiae,
304 969 347 1002 et
379 961 667 1001 remissionem
701 965 994 1012 peccatorum.

193 1020 488 1061 Existimante
511 1024 660 1058 autem
679 1017 858 1070 populo,
876 1017 994 1069 quod

192 1079 280 1132 ipse
304 1078 406 1118 esset
431 1076 636 1124 Christus,
654 1076 769 1115 dixit
795 1075 995 1121 Ioannes,

194 1138 293 1189 Ego
327 1136 508 1188 quidem
543 1148 659 1186 aqua
693 1133 871 1186 baptizo
906 1146 996 1180 VOS,

191 1195 339 1235 veniet
377 1199 525 1232 autem
564 1192 716 1231 fortior
753 1205 835 1239 me,
872 1190 994 1230 cuius

193 1266 282 1292 non
326 1251 416 1291 sum
460 1250 619 1303 dignus
658 1249 823 1288 soluere
866 1248 995 1288 corri-

193 1311 312 1363 giam
343 1307 634 1355 calciamenti,
666 1307 753 1359 ipse
782 1321 861 1346 vos
888 1306 995 1358 bap-

193 1368 347 1408 tizabit
371 1368 412 1406 in
444 1366 592 1418 spiritu
624 1363 784 1412 sancffto,
810 1371 853 1404 et
884 1364 996 1417 igne.

196 1425 400 1466 Herodes
443 1430 592 1463 autem
635 1422 853 1463 tetrarcha
903 1435 996 1462 cor-

194 1490 343 1536 reptus
371 1483 426 1522 ab
458 1482 543 1529 illo,
566 1495 664 1520 cum
696 1487 876 1534 propter
904 1481 996 1519 eius

194 1542 279 1581 alia
303 1541 472 1587 scelera,
495 1546 589 1579 tum
613 1539 715 1592 quia
740 1538 998 1578 Herodiade

193 1613 332 1640 vxore
362 1598 504 1638 fratris
536 1597 595 1637 sui
625 1611 702 1650 per
731 1596 996 1636 adulterium

194 1657 471 1702 abutebatur,
523 1655 710 1695 coniecit
763 1654 901 1707 ipsum
955 1655 997 1693 in

193 1715 377 1755 vincula.
442 1714 574 1754 Vnde
612 1713 708 1752 suos
746 1712 834 1765 ipse
875 1712 998 1752 disci-

194 1774 322 1826 pulos
353 1772 463 1812 misit
493 1772 547 1811 ad
580 1771 734 1818 Iesum,
764 1771 837 1823 qui
868 1770 999 1809 inter-

195 1836 413 1884 rogarent,
443 1829 558 1876 esset,
586 1843 639 1868 ne
673 1828 754 1876 illc,
787 1828 861 1880 qui
894 1841 997 1867 ven-

194 1895 317 1929 turus
336 1888 451 1935 esset,
468 1901 522 1926 an
542 1884 853 1939 expectaretur
875 1885 997 1926 alius.

197 1946 391 1988 Christus
414 1950 563 1984 autem
587 1958 734 1984 coram
759 1944 856 1996 ipsis
887 1943 996 1983 mul-

194 2005 251 2045 tis
297 2002 615 2056 {egrotantibus
661 2002 834 2050 curatis,
877 2002 998 2041 iubet

195 2076 270 2103 eos
298 2076 397 2115 quze
419 2060 631 2107 vidissent,
656 2060 813 2099 Ioanni
840 2073 997 2099 renun-

195 2121 319 2160 ciare.
383 2119 441 2158 Et
464 2118 531 2157 his
561 2118 825 2158 abeuntibus
857 2117 996 2157 multa

196 2180 239 2218 in
263 2177 439 2217 laudem
466 2176 645 2216 Ioannis
675 2175 896 2229 praefatuS‚
921 2176 996 2215 ad-

196 2236 308 2284 iecit,
352 2236 466 2275 Dico
516 2234 642 2274 vobis
694 2234 835 2273 maior
886 2234 998 2273 inter

196 2300 323 2334 natos
344 2293 577 2332 mulierum
592 2292 809 2344 propheta
829 2291 997 2332 Ioanne

195 2351 383 2404 baptista
398 2364 485 2389 non
501 2350 571 2390 est.
608 2349 720 2390 Cum
737 2356 884 2389 autem
905 2351 998 2390 dies

195 2409 355 2449 natalis
381 2408 574 2447 Herodis
601 2414 816 2459 ageretur,
838 2413 880 2447 et
906 2408 997 2448 He-

195 2467 388 2507 rodiadis
404 2466 492 2505 filia
510 2466 755 2517 tripudians
774 2465 997 2518 placuisset

198 2525 379 2572 Herodi,
403 2524 509 2563 iussa
539 2523 598 2563 est
622 2523 678 2562 ab
701 2537 764 2571 eo,
788 2524 996 2575 quicquid

193 2582 327 2622 vellet
363 2588 528 2634 optare,
563 2581 669 2621 dato
707 2581 997 2631 iureiurando,

195 2640 235 2680 se
259 2638 365 2679 nihil
390 2639 426 2678 ei
451 2645 723 2691 negaturum.
790 2638 873 2678 Illa
894 2653 997 2679 vero

194 2697 219 2737 a
242 2703 382 2737 matre
401 2697 646 2745 subornata,
665 2702 798 2748 caput
818 2697 997 2737 Ioannis

195 2756 237 2795 in
262 2755 378 2794 disco
402 2754 475 2794 sibi
507 2754 599 2793 dari
630 2754 839 2806 poposcit.
905 2755 997 2794 He-

195 2813 322 2853 rodes
359 2813 492 2864 igitur
520 2813 680 2864 partim
710 2818 890 2864 propter
919 2813 997 2852 ius-

347 2947 359 2968 1
388 2947 445 2981 die
466 2957 517 2991 29.
539 2947 579 2980 in
598 2957 643 2979 m.

885 2946 897 2967 ²
925 2947 996 2982 Die
1016 2959 1034 2992 3
1055 2950 1094 2983 2'72
1113 2961 1157 2983 [τί.

860 135 1178 167 SEPTEMBER.

1063 212 1308 262 iurandum,
1324 224 1595 265 quamquam
1610 211 1758 252 iustius
1773 216 1865 251 erat

1063 276 1229 310 temere
1251 271 1405 310 datum
1430 283 1516 310 non
1535 269 1750 322 praestare,
1766 282 1866 321 par-

1062 328 1143 368 tim
1181 342 1236 368 ne
1272 327 1340 368 his
1375 329 1450 380 qui
1486 328 1671 367 aderant
1709 327 1866 366 leuiter

1063 399 1227 439 negare
1276 386 1507 434 videretur,
1551 385 1672 438 quod
1724 384 1863 437 ipsum

1063 443 1145 484 fuit
1163 443 1331 483 summa
1348 443 1515 491 leuitas,
1534 442 1693 495 puellae
1711 441 1866 482 annuit

1063 502 1239 554 optatis.
1272 501 1570 553 abscisumque
1604 500 1785 543 Ioannis
1821 499 1865 539 in

1062 573 1233 599 carcere
1249 566 1380 611 caput
1395 559 1594 611 protinus
1608 558 1667 598 est
1681 557 1864 597 allatum

1062 617 1105 657 in
1129 617 1257 665 disco,
1274 623 1318 657 et
1340 616 1499 669 puellae
1523 616 1687 656 datum.
1732 614 1866 668 Quod

1062 675 1137 715 illa
1188 675 1333 714 statim
1384 674 1567 714 tradidit
1618 672 1865 714 Herodiadi

1064 733 1204 772 matri.
1261 733 1432 785 Corpus
1455 737 1604 772 autem
1627 731 1719 771 eius
1742 730 1866 772 disci-

1063 790 1153 844 puli
1177 790 1447 843 sepelierunt.

1301 913 1345 957 (I
1373 910 1623 964 September.

1122 1005 1166 1050 61
1208 1001 1422 1055 seraphia
1465 1002 1587 1054 virgo
1628 1007 1806 1053 martyr.

1293 1060 1436 1100 Lchio
1459 1060 1586 1100 tertia
1594 1057 1615 1100 ².

1067 1134 1127 1217 S
1139 1133 1332 1187 Eraphia
1348 1135 1470 1187 virgo
1486 1134 1750 1174 antiochena
1764 1147 1865 1173 cum

1164 1193 1364 1232 Adriano
1384 1193 1648 1245 imperatore
1672 1192 1864 1232 Romam

1062 1251 1253 1298 venisset,
1277 1250 1318 1289 in
1347 1251 1480 1290 domo
1510 1251 1653 1290 beatae
1687 1249 1865 1290 Sabinae

1064 1308 1281 1348 diuersata
1316 1308 1386 1353 est,
1421 1309 1697 1360 eandemque
1729 1307 1785 1347 ad
1817 1307 1865 1347 fi-

1064 1367 1164 1406 dem
1211 1365 1365 1407 Christi
1408 1366 1636 1406 conuertit.
1699 1364 1866 1418 Quam-

1064 1425 1216 1464 obrem
1257 1438 1282 1464 a
1325 1424 1505 1477 praeside
1547 1423 1708 1464 Berillo
1749 1437 1866 1463 com-

1064 1482 1285 1535 prehensa,
1328 1482 1383 1521 ad
1427 1482 1698 1534 deorumque
1742 1481 1867 1521 sacri-

1065 1540 1211 1580 ficium
1235 1538 1461 1593 produffita,
1483 1541 1661 1593 negauit
1684 1539 1724 1579 se
1741 1539 1866 1579 alteri

1065 1612 1199 1651 quam
1239 1598 1409 1639 Christo
1452 1598 1707 1638 sacrificium
1745 1597 1865 1637 obla-

1065 1662 1209 1696 turam
1253 1671 1260 1696 :
1302 1656 1525 1696 affirmans
1575 1656 1614 1696 se
1664 1656 1721 1696 ob
1769 1669 1866 1708 per-

1065 1720 1247 1767 petuam
1289 1715 1599 1767 virginitatem,
1641 1727 1774 1766 quam
1827 1714 1865 1753 ei

1066 1778 1261 1820 vouerat,
1292 1772 1509 1825 templum
1553 1772 1623 1812 dei
1655 1772 1743 1812 viui
1779 1771 1866 1811 fac-

1064 1835 1167 1869 tam.
1231 1830 1357 1869 Tunc
1408 1830 1576 1882 praeses,
1619 1835 1666 1869 vt
1717 1829 1868 1869 amissa

1066 1887 1278 1940 pudicitia
1320 1888 1536 1941 templum
1574 1888 1644 1927 dei
1677 1888 1760 1928 esse
1792 1888 1867 1927 de—

1066 1946 1230 1993 sineret,
1273 1946 1446 1986 duobus
1488 1960 1585 1985 eam
1634 1944 1868 1986 salacibus3

1066 2003 1297 2043 iuuenibus
1326 2003 1694 2057 constuprandam
1720 2003 1866 2044 tradit.

1067 2061 1154 2114 Qui
1197 2061 1442 2101 obscuriore
1485 2061 1688 2102 cubiculo
1730 2061 1866 2101 inclu-

1066 2119 1167 2167 sam,
1199 2133 1299 2159 cum
1342 2120 1455 2160 circa
1496 2120 1684 2172 primam
1726 2117 1868 2159 nocfftis

1065 2177 1219 2217 horam
1253 2178 1434 2229 aggredi
1466 2184 1684 2230 pararent,
1713 2183 1867 2217 orante

1065 2235 1234 2287 virgine
1287 2235 1428 2276 subito
1481 2235 1646 2276 lumine
1702 2236 1868 2275 circun—

1066 2292 1171 2341 sulsi,
1214 2293 1330 2345 quasi
1383 2293 1612 2333 exanimes
1659 2293 1868 2333 membris

1067 2351 1273 2390 omnibus
1297 2351 1494 2391 resolutis
1518 2352 1560 2390 in
1585 2358 1745 2391 terram
1768 2365 1868 2404 pro-

1067 2408 1197 2458 strati,
1219 2414 1314 2448 tota
1336 2407 1465 2449 noae
1488 2410 1715 2450 iacuerunt
1750 2422 1758 2449 :
1790 2410 1867 2449 do-

1067 2480 1146 2506 nec
1188 2466 1379 2519 praesidis
1427 2474 1584 2520 rogatu
1626 2466 1801 2507 fuerunt
1842 2465 1868 2506 a

1067 2524 1235 2577 virgine
1257 2525 1456 2564 oratione
1487 2524 1577 2565 fusa
1603 2524 1774 2578 postera
1796 2525 1867 2564 die

1068 2582 1150 2622 suis
1172 2582 1337 2622 viribus
1361 2582 1543 2622 restituti
1568 2599 1575 2623 :
1598 2589 1642 2622 et
1671 2597 1769 2635 quae
1791 2582 1866 2622 fibi

1065 2640 1344 2692 contigerant
1366 2640 1536 2692 praesidi
1567 2646 1865 2681 narrauerunt.

1068 2697 1157 2739 Sed
1181 2711 1281 2737 cum
1305 2698 1340 2737 is
1363 2696 1522 2737 cun&a
1553 2699 1735 2750 magicis
1765 2699 1868 2738 arti-

1066 2755 1147 2795 bus
1170 2755 1393 2803 tribueret,
1415 2755 1656 2796 adductam
1686 2756 1761 2796 fibi
1783 2757 1866 2796 vir-

1065 2813 1224 2866 ginem,
1270 2819 1313 2854 et
1354 2813 1544 2853 vestibus
1588 2813 1819 2866 spoliatam
1859 2829 1866 2854 :

1419 2947 1431 2969 3
1458 2949 1639 2984 falacibus
1664 2962 1669 2984 ι
1692 2950 1729 2984 Ρ.
