1916 3243
795 162 889 188 XXV

72 285 147 320 aut
184 279 414 319 minimum
458 277 517 318 est
560 277 727 317 dierum
771 275 904 315 totius
947 273 1049 313 anni
1091 272 1331 313 discrimen.
1368 286 1447 312 nec
1489 272 1606 312 enim

71 346 244 387 interest
274 347 329 387 ad
361 345 680 398 longitudinem
713 344 768 383 de
797 343 1018 383 dominica
1048 342 1117 381 seu
1148 340 1255 381 feria
1283 346 1451 393 agatur,
1473 354 1528 380 an
1551 340 1606 379 de

72 414 190 454 festo.
254 414 306 454 In
348 413 424 454 illo
466 413 619 466 psalmi
660 413 762 452 hinc
804 412 906 451 inde
946 423 1046 451 cum
1089 409 1356 457 difficultate,
1394 422 1526 456 mora,
1565 414 1607 448 et

70 482 204 523 taedio
244 481 473 523 voluendis
515 481 676 521 chartis
719 480 1019 533 exquiruntur.
1068 478 1144 517 >In
1186 477 1270 518 hoc
1311 491 1388 530 per
1428 477 1522 517 dies
1564 482 1607 516 et

70 550 200 591 horas
228 551 363 591 totius
391 550 685 590 hebdomadae
715 549 904 602 dispositi
934 548 1040 588 sunt.
1102 546 1190 600 Qui
1219 546 1361 586 noster
1389 546 1496 586 ordo
1519 559 1606 585 non

71 633 225 672 parum
269 619 373 659 facit
415 619 470 659 ad
514 617 745 671 temporis¹
787 618 1063 666 breuitatem,
1106 622 1148 656 et
1189 615 1351 655 laboris
1393 615 1606 654 leuamen.

71 687 273 727 Adiuuat
305 687 456 727 itidem
490 687 597 727 ordo
629 684 879 734 lecffionum,
912 699 1014 725 nam
1047 686 1188 738 prima
1220 690 1264 724 et
1295 684 1483 723 secunda
1514 682 1608 722 sim-

71 756 173 809 plici
210 763 253 796 et
290 756 553 796 immutabili
590 756 742 796 ordine
779 755 993 809 dispositae
1031 755 1128 794 sunt
1163 755 1207 794 in
1244 759 1387 794 totum
1430 765 1606 797 annum,

72 826 158 865 siue
189 825 343 865 festum
375 826 552 874 incidat,
584 825 669 864 siue
702 838 802 865 non.
866 824 1105 864 Diuerfitas
1141 824 1258 864 enim
1295 822 1454 875 officij;
1496 819 1610 862 festi²

72 894 315 943 dominicae,
355 900 398 934 et
434 893 595 933 ferialis
632 894 717 933 diei
760 893 946 934 consistit
984 894 1025 932 in
1069 893 1315 932 mutatione
1357 889 1608 941 inuitatorij,

72 968 116 1003 et
144 962 411 1015 hymnorum
440 963 496 1003 ad
526 963 806 1011 matutinum,
835 967 879 1002 et
906 961 1143 1014 vesperam,
1168 967 1210 1001 et
1239 961 1380 1000 tertiae
1410 958 1609 1000 lectionis

72 1037 116 1071 et
137 1031 359 1079 orationis,
384 1037 543 1071 caetera
566 1030 662 1071 sunt
685 1030 877 1071 eiusdem
902 1030 1081 1070 rationis
1103 1030 1344 1081 vtrobique.

159 1101 203 1147 ΙΙ
243 1098 290 1140 Si
327 1100 395 1139 cui
432 1105 579 1139 autem
619 1099 882 1139 laboriosum
925 1100 968 1138 in
1011 1098 1094 1138 hoc
1135 1098 1353 1138 breuiario
1389 1097 1609 1136 videbitur

73 1167 282 1221 pleraque
311 1168 459 1208 omnia
488 1182 545 1208 ex
576 1167 686 1207 libro
717 1168 815 1220 legi,
838 1181 937 1207 cum
968 1167 1107 1207 multa
1137 1167 1179 1206 in
1203 1167 1289 1207 alio
1311 1180 1409 1219 quae
1432 1172 1610 1219 propter

73 1234 342 1288 frequenter3
374 1236 667 1288 repetionem4
698 1235 954 1283 ediscuntur,
979 1235 1231 1274 memoriter
1262 1234 1609 1287 pronuntientur,

74 1305 326 1358 compenset
355 1318 454 1345 cum
483 1304 567 1345 hoc
595 1304 744 1344 labore
772 1305 1069 1357 cognitionem
1098 1304 1318 1357 scripturae
1348 1303 1488 1351 sacrae,
1510 1316 1608 1355 quae

73 1371 128 1412 fic
165 1372 207 1412 in
243 1372 337 1412 dies
373 1371 575 1425 augescit,
609 1378 652 1412 et
689 1372 979 1412 intentionem
1016 1372 1162 1420 animi,
1196 1385 1329 1424 quam
1366 1371 1474 1411 deus
1508 1376 1610 1410 ante

74 1441 223 1480 omnia
245 1441 287 1480 in
311 1440 590 1493 precantibus
614 1441 805 1493 requirit,
823 1440 954 1493 (hanc
977 1440 1093 1480 enim
1117 1440 1328 1480 maiorem
1352 1439 1609 1493 legentibuS,

75 1523 208 1562 quam
232 1510 484 1549 memoriter
505 1509 825 1562 proferentibus
848 1509 991 1549 adesse
1013 1509 1179 1549 necesse
1202 1508 1280 1560 est)
1298 1514 1341 1549 et
1363 1508 1608 1548 huiusmodi

75 1579 272 1619 laborem
296 1592 383 1618 non
407 1578 541 1618 modo
563 1576 841 1626 fru&uosum‚
864 1578 935 1618 sed
963 1578 1096 1617 etiam
1124 1577 1354 1617 salutarem
1384 1576 1607 1617 iudicabit.

78 1647 231 1687 Habes
260 1648 388 1687 Pater
418 1644 690 1688 Sanfflsfime
719 1647 901 1687 instituti
931 1646 1060 1686 nostri
1098 1646 1327 1694 rationem,
1358 1645 1494 1685 habes
1524 1645 1608 1686 sor-

76 1715 242 1756 mulam
274 1715 488 1767 breuiarij‚
521 1715 716 1768 superest,
754 1721 801 1755 vt
832 1715 859 1754 fi
891 1715 970 1755 tibi
999 1728 1077 1762 res,
1111 1714 1488 1767 quemadmodum
1518 1714 1609 1767 spe-

75 1784 252 1833 ramu55,
273 1799 360 1825 non
383 1785 713 1838 improbabitur,
734 1784 821 1837 ipse
843 1798 1019 1837 quoque
1042 1783 1190 1824 faueas
1213 1784 1418 1836 incoeptis
1441 1783 1605 1834 nostris,

76 1861 119 1895 et
141 1854 278 1894 labori
301 1853 488 1907 publicae
512 1854 841 1893 commoditatis
863 1853 1004 1905 gratia
1028 1852 1232 1905 suscepto.
1293 1851 1415 1892 Vale.

124 2137 136 2159 1
162 2144 371 2183 temporum
396 2150 402 2171 :
423 2140 460 2172 P.
924 2137 1009 2182 4ſsc
1026 2149 1037 2172 .·
1056 2137 1316 2182 repetitionem
1337 2139 1377 2171 R.
1397 2139 1435 2172 P.
1450 2138 1493 2171 A.

123 2184 136 2206 2
160 2185 236 2219 festi
260 2197 266 2219 :
286 2197 354 2219 0772.
384 2186 420 2219 P.
923 2184 936 2205 ⁵
961 2185 1200 2229 sperabamus
1225 2197 1231 2218 :
1252 2185 1289 2218 P.

123 2231 137 2253 ³
161 2231 391 2277 frequentem
416 2244 421 2266 :
441 2233 483 2266 R.
502 2233 538 2265 P.
555 2232 597 2265 A.
