1981 3248
173 136 222 175 16
704 149 864 180 SABBA
876 149 935 179 To
966 148 1037 179 AD
1070 147 1281 191 Μᾶρες.

366 255 590 299 Canticum
614 255 675 296 M
673 254 784 309 cyfi&

171 340 370 423 AVdite
391 341 485 382 caeli
508 355 607 394 quae
626 341 782 394 loquor
801 356 808 381 ι
825 341 974 382 audiat

287 405 401 440 terra
423 399 556 440 verba
578 399 665 439 oris
688 399 787 440 mei.

233 457 493 499 Concrescat
532 457 575 497 in
620 454 840 510 pluuiam²
871 456 975 497 doc-

172 516 287 556 trina
310 529 409 556 mea
432 530 440 556 :
462 515 570 556 fluat
587 521 634 556 vt
657 528 727 555 ros
750 514 975 568 eloquium

175 586 335 615 meum.

232 631 363 685 Quasi
390 630 530 672 imber
561 630 686 684 super
717 630 898 671 herbam
932 636 976 670 et

172 690 290 743 quasi
313 689 436 730 stillae
463 689 589 743 super
609 689 820 742 gramina.
874 689 976 742 quia

174 761 335 788 nomen
359 748 527 788 domini
551 747 780 795 inuocabo,

232 806 351 846 Date
374 805 748 858 magnificentiam
772 804 856 845 deo
882 803 976 844 nos-

173 869 252 905 tro.
316 864 401 904 Dei
420 862 614 917 perfe&a
632 863 729 903 sunt
745 876 879 916 opera
903 878 910 903 :
933 868 976 902 et

174 935 328 962 omnes
350 922 432 962 viae
455 922 548 961 eius
571 921 740 961 iudicia.

233 980 356 1020 Deus
374 979 527 1028 fidelis,
546 985 589 1020 et
607 978 769 1031 absque
786 977 873 1018 vlla
896 978 974 1018 ini-

172 1038 354 1090 quitate,
377 1037 520 1086 iustus,
543 1043 587 1078 et
615 1035 758 1077 recftus
783 1052 791 1077 :
818 1037 975 1077 Pecca-

174 1101 331 1136 uerunt
354 1096 392 1135 ei
415 1101 458 1135 et
480 1109 569 1135 non
593 1094 666 1148 filij
692 1095 795 1143 eius,
818 1095 861 1134 in
891 1094 975 1133 sor—

172 1154 313 1194 dibus.

232 1211 471 1252 Generatio
517 1224 654 1264 praua
700 1217 833 1263 atque
880 1224 976 1263 per-

175 1269 296 1309 uersa
328 1284 335 1309 :
371 1269 582 1309 Haeccine
617 1269 762 1309 reddis
795 1267 978 1309 domino

175 1326 339 1381 popule
361 1326 488 1367 stulte
511 1333 554 1367 et
577 1326 812 1379 infipiens?

235 1385 449 1438 Numquid
492 1398 580 1425 non
624 1384 713 1437 ipse
754 1383 815 1424 est
851 1389 979 1437 pater

177 1450 290 1493 tuus,
327 1443 401 1496 qui
436 1443 623 1496 possedit
658 1449 702 1482 te
735 1457 743 1483 ε
775 1448 819 1483 et
854 1440 979 1482 fecit3

176 1509 219 1542 et
242 1502 406 1542 creauit
428 1501 503 1541 te?

232 1560 463 1600 Memento
486 1559 655 1598 dierum
672 1558 979 1611 antiquorum:

173 1618 321 1670 cogita
341 1617 648 1670 generationes
672 1616 859 1669 singulas
883 1631 890 1656 :

234 1676 464 1728 Interroga
487 1681 657 1728 patrem
681 1681 805 1715 tuum
829 1680 872 1714 et
902 1687 978 1714 an—

176 1733 396 1774 nuntiabit
424 1733 503 1774 tibi
533 1748 541 1774 2
569 1733 759 1773 maiores
791 1738 905 1783 tuos,
935 1739 978 1772 et

174 1793 323 1832 dicent
345 1791 435 1831 tibi.

233 1848 426 1902 Quando
477 1848 706 1889 diuidebat
754 1847 979 1887 altissimus

174 1914 329 1961 gentes
358 1922 366 1948 ε
394 1907 574 1960 quando
602 1906 830 1960 separabat
867 1905 979 1945 filios

176 1966 339 2006 Adam.

233 2022 470 2065 Constituit
483 2022 696 2062 terminos
713 2020 978 2075 populorum

178 2081 304 2122 iuxta
326 2093 557 2120 numerum
581 2080 770 2120 filiorum
794 2079 927 2122 israel.

237 2140 342 2179 Pars
383 2144 533 2178 autem
575 2138 744 2178 domini
789 2138 980 2191 populus

178 2198 270 2238 eius
292 2213 300 2238 ε
319 2196 453 2237 Iacob
471 2196 688 2236 funiculus
709 2195 981 2237 haereditatis

177 2269 280 2296 eius.

238 2312 416 2353 Inuenit
430 2325 530 2352 eum
548 2311 590 2352 in
606 2317 720 2352 terra
735 2311 920 2353 deserta:
937 2313 979 2353 in

179 2371 278 2411 loco
295 2370 496 2419 horroris,
515 2376 558 2410 et
576 2369 705 2410 vastae
724 2369 980 2411 solitudinis.

238 2428 534 2470 Circunduxit
552 2442 665 2474 eum,
683 2434 725 2468 et
741 2428 891 2469 docuit
909 2444 915 2469 :
936 2435 979 2469 et

179 2486 412 2527 custodiuit
421 2485 538 2538 quasi
553 2485 767 2538 pupillam
783 2486 897 2526 oculi
908 2486 978 2527 sui.

238 2544 363 2586 Sicut
384 2543 532 2596 aquila
554 2557 799 2596 prouocans
823 2544 879 2584 ad
902 2558 978 2584 vo-

179 2602 361 2642 landum
380 2601 523 2655 pullos
547 2601 642 2641 suos
666 2617 673 2642 :
696 2607 739 2641 et
757 2601 883 2655 super
904 2615 978 2642 eos

179 2660 379 2701 volitans.

238 2717 471 2770 Expandit
493 2716 584 2756 alas
607 2716 702 2756 suas
724 2722 767 2756 et
790 2717 978 2770 assump-

178 2776 226 2816 s1t
259 2788 359 2815 eum
390 2787 398 2815 :
426 2780 560 2827 atque
594 2774 787 2827 portauit
822 2776 864 2814 in
900 2775 978 2815 hu-

180 2833 311 2874 meris
334 2832 427 2873 suis.

248 2923 260 2944 ¹
289 2924 383 2957 Deu.
402 2922 497 2965 xxxij
522 2935 528 2956 :
547 2923 626 2956 add
642 2923 678 2957 P.
699 2923 741 2956 A.

247 2972 259 2992 2
284 2977 321 3004 vt
341 2970 466 3014 pluuia
490 2981 496 3003 :
517 2970 554 3003 P.
574 2971 616 3004 A.

1104 225 1323 267 Dominus
1347 226 1458 267 solus
1488 227 1582 268 dux
1611 227 1702 268 eius
1732 227 1812 268 fuit
1841 242 1848 267 1

1046 289 1090 325 et
1112 297 1200 324 non
1224 289 1317 324 erat
1338 298 1438 325 cum
1462 298 1515 326 eo
1536 286 1646 326 deus
1667 285 1847 326 alienus.

1104 341 1340 383 Constituit
1362 356 1462 383 eum
1486 342 1611 396 super
1628 343 1847 384 excelsam

1045 405 1206 440 terram
1249 415 1258 440 z
1298 405 1345 441 vt
1386 402 1638 442 comederet
1683 399 1848 442 fruetus

1046 471 1265 510 agrorum,

1106 515 1165 556 Et
1187 515 1356 568 sugeret
1378 516 1465 556 mel
1488 516 1543 557 de
1572 522 1697 569 petra
1725 532 1733 558 :
1760 516 1848 557 ole-

1047 587 1211 626 umque
1234 574 1290 614 de
1313 573 1420 614 saxo
1442 574 1689 615 durisfimo:

1105 631 1323 685 Butyrum
1342 632 1397 672 de
1414 638 1630 683 armento,
1645 638 1689 673 et
1706 632 1774 673 lac
1792 632 1846 672 de

1047 690 1203 730 ouibus
1239 703 1339 729 cum
1366 690 1497 743 adipe
1524 704 1740 742 agnorum
1770 705 1777 731 z
1805 696 1848 731 et

1047 748 1234 788 arietum
1258 747 1447 788 filiorum
1472 748 1622 789 Basan.

1106 805 1165 846 Et
1187 805 1331 846 hircos
1353 819 1453 846 cum
1473 805 1667 846 medulla
1685 805 1817 847 tritici
1842 821 1851 846 ε

1047 869 1091 903 et
1114 863 1370 917 sanguinem
1393 877 1491 904 vuae
1513 864 1683 905 biberet
1709 877 1849 905 mera-

1047 922 1270 962 cisfimum.

1107 979 1370 1020 Incrassatus
1396 979 1456 1020 est
1485 977 1683 1030 diletfftus,
1711 985 1755 1021 et
1785 993 1851 1020 re-

1045 1036 1290 1078 calcitrauit
1334 1051 1342 1079 :
1383 1038 1648 1088 incrassatus,
1691 1038 1851 1092 impin-

1045 1101 1216 1148 guatus,
1240 1095 1461 1145 dilatatus,

1104 1154 1351 1206 Dereliquit
1378 1154 1510 1194 deum
1539 1152 1751 1194 faetorem
1786 1153 1851 1194 su-

1046 1224 1133 1260 um,
1158 1218 1201 1251 et
1225 1211 1389 1251 recesfit
1411 1225 1436 1251 a
1458 1212 1543 1251 deo
1566 1211 1740 1252 salutari
1764 1211 1850 1252 suo.

1107 1269 1465 1309 Prouocauerunt
1517 1283 1618 1310 eum
1671 1270 1714 1310 in
1767 1270 1851 1310 diis

1047 1327 1202 1367 alienis
1245 1343 1252 1367 :
1288 1333 1332 1367 et
1367 1327 1410 1367 in
1445 1327 1851 1368 abominationibus

1048 1386 1103 1425 ad
1127 1385 1399 1425 iracundiam
1423 1386 1767 1426 concitauerunt.

1108 1443 1459 1483 Immolauerunt
1497 1443 1732 1495 daemonijs
1765 1459 1772 1484 :
1807 1449 1851 1484 et

1049 1515 1136 1541 non
1161 1501 1245 1541 deo
1269 1501 1397 1554 :‘dijs‚
1419 1515 1530 1554 quos
1553 1502 1816 1555 ignorabant
1835 1517 1842 1542 :

1108 1559 1239 1607 Noui,
1272 1559 1553 1612 recentesque
1588 1565 1803 1600 venerunt
1841 1575 1848 1600 :

1049 1630 1160 1670 quos
1203 1630 1291 1657 non
1333 1617 1562 1658 coluerunt
1598 1624 1745 1671 patres
1779 1631 1850 1658 eo-

1049 1689 1157 1716 rum.

1108 1733 1268 1781 Deum,
1304 1733 1379 1786 qui
1416 1739 1460 1773 te
1496 1733 1660 1786 genuit,
1691 1732 1846 1774 dereli-

1049 1790 1175 1844 quisti
1198 1806 1205 1831 :
1229 1798 1272 1831 et
1295 1791 1458 1832 oblitus
1480 1805 1526 1832 es
1548 1791 1716 1832 domini
1735 1805 1851 1832 crea-

1049 1849 1155 1889 toris
1178 1849 1251 1890 tui.

1107 1907 1234 1947 Vidit
1265 1907 1484 1955 dominus,
1516 1913 1559 1948 et
1591 1907 1646 1947 ad
1681 1907 1849 1947 iracun-

1049 1964 1167 2005 diam
1186 1965 1433 2004 concitatus
1452 1964 1511 2005 est
1537 1980 1544 2004 :
1569 1965 1672 2017 quia
1693 1979 1851 2017 prouo-

1048 2028 1260 2062 cauerunt
1282 2036 1382 2062 eum
1406 2022 1480 2075 filij
1507 2022 1578 2072 sui,
1602 2030 1645 2063 et
1668 2023 1778 2063 filiae.

1109 2080 1168 2120 Et
1190 2081 1261 2128 ait,
1277 2080 1563 2121 Abscondam
1582 2080 1737 2121 faciem
1762 2094 1850 2121 me-

1049 2151 1120 2178 am
1139 2138 1194 2178 ab
1217 2139 1278 2178 eis
1302 2154 1309 2178 :
1332 2144 1375 2179 et
1393 2138 1692 2192 consyderabo
1711 2139 1850 2179 nouis-

1052 2196 1156 2236 sima
1178 2210 1353 2236 eorum:

1108 2254 1347 2295 Generatio
1380 2254 1496 2295 enim
1525 2254 1725 2308 peruersa
1752 2254 1812 2295 est
1841 2271 1849 2296 :

1049 2318 1094 2352 et
1116 2311 1315 2352 infideles
1339 2311 1427 2364 filij.
1854 2322 1862 2327 “

1110 2370 1193 2423 Ipfi
1228 2383 1299 2410 me
1334 2376 1688 2423 prouocauerunt
1722 2370 1765 2410 in
1800 2384 1852 2411 eo

1048 2429 1123 2480 qui
1153 2442 1240 2468 non
1269 2434 1361 2468 erat
1393 2429 1501 2469 deus
1535 2443 1543 2468 :
1578 2435 1621 2469 et
1656 2429 1850 2469 irritaue-

1050 2492 1151 2526 runt
1172 2486 1215 2526 in
1238 2486 1508 2527 vanitatibus
1530 2486 1624 2534 suis,

1108 2544 1167 2584 Et
1200 2557 1283 2595 ego
1320 2544 1571 2596 prouocabo
1605 2557 1680 2584 eos
1717 2544 1760 2584 in
1798 2557 1850 2584 eo

1048 2601 1121 2654 qui
1141 2615 1228 2641 non
1253 2600 1332 2641 est4
1353 2602 1542 2654 populus
1567 2616 1575 2642 :
1598 2608 1641 2642 et
1659 2602 1702 2642 in
1719 2608 1852 2655 gente

1049 2658 1178 2699 stulta
1200 2659 1378 2699 irritabo
1401 2659 1513 2700 illos.

1109 2717 1231 2769 Ignis
1269 2716 1492 2757 succensus
1529 2716 1588 2757 est
1625 2716 1668 2757 in
1708 2716 1851 2757 furore

1048 2787 1148 2814 meo
1173 2790 1181 2814 :
1205 2780 1249 2814 et
1271 2774 1443 2815 ardebit
1465 2774 1596 2828 vsque
1619 2775 1674 2815 ad
1695 2775 1851 2815 inferni

1050 2832 1288 2881 nouisfima,

1122 2922 1136 2943 3
1161 2929 1196 2957 te
1222 2923 1324 2957 :add
1339 2924 1375 2957 P*
1397 2924 1440 2958 A.

1123 2970 1136 2990 ⁴
1162 2978 1241 3004 erat
1267 2982 1273 3003 :
1296 2971 1332 3003 P.
