1981 3248
197 153 211 182 1
220 141 276 193 64

367 236 411 281 εἷ
442 231 497 272 H
495 231 654 273 ilarion
683 230 823 273 abbas*

426 335 571 376 Lefi'io
606 331 765 375 tertiffi.

299 429 484 469 Ylarion
519 427 657 467 abbas
694 426 737 465 in
772 424 869 465 vico
910 423 998 462 Ta-

329 486 466 527 batha
489 498 625 539 prope
657 483 825 524 Gazam
857 480 997 521 Pales-

193 546 300 586 tinae
322 545 474 585 vrbem
497 549 630 590 ortus,
654 555 711 581 ex
741 539 997 593 parentibus

193 603 433 657 gentilibus
449 600 721 642 Christianus
737 597 825 651 ipse
840 604 886 637 vt
905 596 997 636 rosa

195 663 251 702 de
274 661 406 714 spinis
434 659 631 699 effloruit.
695 655 782 708 Qui
815 654 997 695 alexan-

195 720 338 759 driam
364 718 521 765 missus,
546 722 680 768 atque
702 714 823 754 breui
853 726 997 765 gram-

195 777 404 817 maticam
436 773 631 821 edofitus,
654 778 698 813 et
728 771 997 813 Christianus

195 833 388 883 &festus
433 832 657 874 ecclesiam
706 830 868 870 assidue
916 828 997 868 fre-

195 893 452 946 quentabat.
515 889 616 942 Quo
657 894 857 941 tempore
898 900 998 927 cum

194 949 382 1002 Antonij
416 962 579 989 nomen
609 947 713 988 esset
747 959 824 999 per
856 951 999 985 totam

195 1009 461 1061 Aegyptum
530 1005 876 1051 celeberrimum,
937 1003 998 1042 vi-

196 1067 352 1107 dendi²
388 1079 488 1106 eum
526 1064 667 1104 studio
705 1061 902 1102 incensus
942 1060 998 1100 ad

195 1137 392 1165 eremum
416 1122 655 1163 contendit.
720 1120 779 1160 Et
802 1133 901 1159 cum
925 1118 1000 1158 illo

196 1182 370 1223 duobus
400 1180 618 1221 mensibus
643 1178 847 1226 versatus,
872 1176 1000 1230 ipsius

196 1242 299 1281 vitae
322 1236 642 1286 rationem,ad³
661 1250 833 1276 morum
856 1235 999 1288 graui-

195 1304 336 1339 tatem
396 1297 632 1350 diligenter
682 1292 999 1346 consyderauit.

198 1355 500 1408 Reuersusque
537 1354 592 1394 ad
630 1352 819 1406 patriam
854 1357 999 1391 totum

197 1413 514 1468 patrimonium
537 1411 611 1451 fibi
635 1425 660 1451 a
681 1408 901 1450 defunffis
924 1422 999 1461 pa-

198 1472 395 1513 rentibus
414 1468 612 1511 1-e1i&um
632 1468 898 1521 pauperibus
917 1467 1000 1507 lar-

196 1531 314 1583 gitus
347 1529 418 1570 est.
484 1529 542 1568 Et
574 1527 718 1567 adhuc
748 1525 1000 1566 adolescens

196 1603 282 1629 .xv.
305 1600 521 1629 annorum
545 1585 601 1626 ad
631 1598 827 1625 eremum
858 1597 1001 1623 reuer-

196 1648 312 1687 titur.
373 1645 461 1686 Vbi
492 1642 650 1684 cellula
679 1640 839 1682 stru&a
868 1641 1001 1694 paulo

197 1705 422 1757 ampliore,
457 1715 589 1756 quam
622 1707 670 1741 vt
701 1706 879 1753 caperet
910 1700 1002 1739 eius

198 1761 501 1815 corpusculum
534 1774 542 1800 z
573 1760 695 1800 sacco
725 1758 917 1805 indutus,
945 1757 1000 1797 ad

197 1821 306 1873 xxj.
348 1820 493 1860 aetatis
535 1818 619 1857 suae
668 1829 833 1856 annum
882 1815 1001 1861 teste,

202 1879 493 1930 Hieronymo,
511 1876 584 1929 qui
603 1875 738 1915 vitam
758 1874 850 1913 eius
868 1873 1003 1913 literis

201 1937 443 1983 mandauit,
465 1941 591 1975 tanta
620 1932 883 1974 abstinentia
912 1944 1005 1971 cor-

200 2008 284 2048 pus
318 1993 487 2040 afflixit,
517 1998 565 2032 vt
599 1990 833 2044 quindenis
869 1989 1002 2029 modo

200 2052 352 2093 caricis
374 2065 460 2091 vno
482 2063 658 2103 quoque
680 2049 751 2088 die
781 2047 876 2099 post
905 2046 1003 2086 solis

201 2110 401 2151 occasum
425 2108 680 2154 vesceretur,
705 2112 748 2146 et
771 2105 896 2157 super
923 2104 1003 2144 hu-

202 2182 324 2208 mum
368 2167 506 2207 iuncis
548 2166 771 2206 duntaxat
812 2163 1003 2211 stratam,

202 2228 258 2267 ad
276 2226 480 2266 Vltimum
497 2224 600 2264 vitae
623 2223 740 2263 diem
764 2221 916 2261 somno
939 2234 1004 2260 re-

204 2285 414 2324 ficeretur.
481 2283 567 2322 Hic
602 2282 782 2321 demum
815 2278 1003 2319 orationi

203 2349 247 2383 et
284 2339 561 2395 psalmodiae‘1
595 2339 763 2391 semper
797 2337 1004 2384 intentus,

203 2400 299 2453 post
321 2398 621 2439 incredibilem
645 2396 787 2436 carnis
811 2408 1004 2435 macera-

203 2459 369 2499 tionem
394 2463 437 2496 et
459 2457 669 2496 continua
696 2453 857 2493 ieiunia
885 2451 1004 2492 οξὶο-

204 2516 413 2569 gesimum
434 2520 562 2553 natus
581 2526 758 2560 annum,
777 2509 1006 2551 sanctitate

205 2581 249 2614 et
284 2572 501 2613 miraculis
531 2571 684 2618 clarus,
715 2569 921 2621 migrauit
950 2568 1005 2608 ad

205 2632 436 2672 dominum
461 2628 546 2681 xij.
571 2628 779 2668 calendas
810 2627 1006 2666 Nouem-

206 2690 304 2730 bris.

276 2826 287 2847 1
314 2825 375 2859 die
393 2834 447 2858 21.
468 2824 508 2857 in
527 2834 572 2856 m.

277 2872 290 2893 2
315 2870 456 2906 videnti
482 2883 488 2904 :
516 2871 554 2904 P.

277 2919 291 2940 3
317 2930 361 2953 ac
386 2931 391 2952 :
421 2919 463 2951 R.
486 2918 522 2951 P.
543 2917 587 2950 A.

277 2966 290 2987 4
317 2965 456 3011 psalmo
475 2964 534 2998 die
558 2976 564 2998 ς
587 2964 623 2997 Ρ.

919 148 1156 181 OCTOBER.

1070 230 1114 274 <I
1131 225 1176 265 E
1181 224 1368 280 uarzstns
1374 232 1492 279 papa
1508 229 1688 277 martyr.
1729 222 1873 263 LeHio

1391 281 1551 324 tertz'a5.

1077 357 1357 440 EVaristus
1372 371 1490 411 papa
1504 356 1685 397 natione
1702 368 1871 408 graecus

1181 421 1306 469 patre
1328 416 1474 456 iudaeo
1493 414 1651 456 traiani
1673 420 1873 466 tempore

1068 474 1245 527 praefuit
1286 473 1485 514 ecclefiae.
1551 473 1650 521 Hic,
1691 476 1738 512 vt
1781 470 1873 510 Da-

1070 531 1212 571 masus
1255 531 1448 579 testatur,
1487 530 1639 570 titulos
1682 530 1725 569 in
1764 528 1873 568 -vrbe

1071 590 1218 629 Roma
1245 588 1515 642 presbyteris
1538 587 1693 633 diuisit,
1714 592 1757 627 et
1780 586 1873 638 sep-

1069 653 1159 687 tem
1192 648 1403 687 diaconos
1435 646 1597 695 statuit,
1628 645 1702 698 qui
1734 643 1874 684 custo-

1069 706 1214 745 dirent
1265 704 1518 757 episcopum
1570 703 1872 756 predicantem

1069 768 1250 816 propter
1282 762 1425 802 stilum
1459 762 1669 802 veritatis.
1745 760 1872 800 Idem

1070 820 1303 869 constituit,
1324 834 1378 860 ne
1397 819 1535 873 plebis
1554 820 1597 859 in
1621 818 1872 872 episcopum

1070 878 1288 919 accusatio
1340 878 1661 918 admitteretur.
1745 875 1874 917 Ordi-

1071 937 1274 977 nationes
1308 942 1375 976 ter
1409 936 1564 975 habuit
1601 934 1747 975 mense
1785 934 1875 973 De-

1071 995 1237 1034 cembri
1279 995 1438 1047 quibus
1484 993 1765 1046 presbyteros
1808 990 1874 1043 .vj.

1070 1053 1282 1093 diaconos
1300 1052 1351 1104 .ij.
1371 1051 1596 1104 episcopos
1614 1064 1691 1104 per
1705 1049 1874 1090 diuersa

1070 1110 1167 1151 loca
1195 1125 1244 1150 .v.
1276 1110 1452 1150 creauit.
1516 1108 1740 1149 Postremo
1772 1120 1873 1147 cum

1071 1168 1240 1208 sedisset
1263 1181 1401 1208 annos
1424 1167 1494 1207 .ix.
1519 1166 1687 1206 menses
1706 1180 1761 1207 .X.
1780 1165 1873 1205 dies

1070 1226 1122 1278 .ij.
1142 1240 1258 1266 anno
1279 1226 1435 1265 vltimo
1459 1224 1638 1264 Traiani
1663 1223 1874 1276 martyrio

1071 1290 1306 1324 coronatus
1329 1282 1400 1331 est,
1424 1296 1475 1322 ac
1499 1281 1693 1335 sepultus
1716 1282 1759 1321 in
1782 1281 1874 1321 Va-

1070 1343 1217 1382 ticano
1240 1341 1322 1394 .vij.
1345 1341 1553 1381 calendas
1578 1339 1858 1380 Nouembris.

1071 1470 1115 1515 ΕΙ
1144 1464 1296 1506 Simon
1318 1471 1357 1504 et
1377 1463 1515 1504 ludas
1535 1462 1708 1517 apostoli
1724 1461 1879 1517 duplex

1400 1521 1552 1562 maius.

1396 1607 1561 1649 Oratio.

1080 1688 1268 1771 DEus,
1292 1687 1365 1741 qui
1390 1701 1470 1728 nos
1493 1701 1571 1740 per
1591 1687 1745 1727 beatos
1771 1699 1878 1739 apo-

1184 1746 1314 1786 stolos
1344 1753 1444 1786 tuos
1476 1745 1706 1786 Simonem
1739 1750 1782 1784 et
1812 1744 1875 1784 iu-

1072 1804 1176 1845 dam
1201 1820 1208 1844 :
1231 1805 1286 1844 ad
1311 1804 1583 1856 agnitionem
1602 1803 1664 1843 tui
1683 1802 1875 1841 nominis

1071 1862 1219 1902 venire
1241 1861 1424 1902 tribuisti
1457 1876 1464 1901 :
1493 1861 1551 1901 da
1574 1860 1698 1900 nobis
1721 1873 1874 1899 eorum

1071 1920 1258 1973 gloriam
1292 1919 1601 1972 sempiternam
1632 1924 1676 1958 et
1705 1917 1875 1970 profici-

1072 1978 1188 2018 endo
1237 1976 1470 2024 celebrare,
1518 1982 1561 2016 et
1610 1975 1875 2016 celebrando

1071 2034 1284 2089 proficere
1308 2050 1315 2075 :
1339 2048 1418 2088 per
1440 2035 1682 2075 dominum.

1314 2142 1462 2183 Laevia
1483 2142 1608 2182 tertia
1616 2139 1639 2183 ⁶.

1149 2222 1278 2262 Imon
1292 2220 1570 2269 Chananeus,
1580 2225 1876 2273 cognomento

1178 2279 1352 2327 zelotes,
1376 2285 1419 2319 et
1451 2279 1585 2318 Iudas
1616 2278 1778 2326 Iacobi,
1801 2278 1875 2330 qui

1074 2337 1330 2378 Thaddaeus
1395 2350 1571 2390 quoque
1637 2336 1876 2383 dicebatur,

1077 2396 1228 2436 Iacobi
1261 2395 1404 2435 fratris
1436 2394 1603 2434 domini
1637 2394 1790 2433 fratres
1822 2394 1878 2433 de

1076 2467 1260 2493 numero
1294 2452 1527 2493 duodecim
1566 2451 1875 2504 apostolorum,

1076 2524 1213 2564 quum
1266 2510 1572 2561 Babyloniam,
1614 2508 1877 2549 vniuersam-

1077 2583 1163 2621 que
1179 2569 1266 2608 fere
1286 2567 1500 2608 Persidem
1521 2580 1748 2620 magorum
1765 2565 1877 2606 falsis

1077 2624 1876 2678 docfftrinisprcestigijsqueliberassent,

1077 2691 1120 2724 et
1143 2697 1293 2724 verum
1318 2683 1473 2724 Christi
1493 2683 1659 2722 cultum
1679 2682 1877 2722 latissime

1148 2820 1161 2841 ⁵
1187 2820 1247 2854 die
1265 2819 1319 2854 26.
1339 2820 1379 2853 in
1398 2831 1444 2853 m.

1147 2867 1160 2888 ὓ
1186 2867 1247 2902 die
1275 2876 1317 2909 27
1344 2868 1385 2900 in
1414 2878 1459 2901 m.
1483 2867 1526 2901 V.
1578 2866 1639 2900 die
1666 2867 1708 2901 28
1734 2878 1740 2900 :
1769 2865 1811 2900 R.
1832 2866 1875 2900 A.

1078 2925 1145 2948 om.
1169 2915 1205 2948 P.
