1981 3248
750 160 792 192 N
792 161 818 192 O
828 160 1046 193 VEMBER.

73 236 236 277 ibidem
266 237 614 288 disseminassent,
637 251 738 291 rege
769 250 870 278 cum

73 294 336 347 primoribus
370 296 608 348 prouinciae
642 297 699 336 ad
737 294 870 335 fidem

76 351 231 392 Christi
268 354 493 402 conuersis,
530 354 572 393 in
613 353 742 394 Sanir
779 353 872 392 eius

74 409 262 462 regionis
291 410 407 459 vrbe,
436 425 535 464 quae
565 411 672 452 ‚lxx
695 409 872 463 pontifi-

74 480 174 506 cum
208 467 425 508 idolorum
459 469 731 509 domicilium
767 473 873 516 erat,

75 524 192 577 apud
215 525 437 578 quendam
461 526 583 566 suum
612 525 872 578 discipulum

76 582 238 623 Senem
262 584 439 623 nomine
461 584 744 624 diuerterunt.
785 582 873 623 Vbi

75 654 101 680 a
122 640 404 692 pontificibus
431 656 529 682 cum
561 641 676 682 Sene
704 640 875 693 hospite

75 698 372 750 comprehensi
395 705 439 739 et
461 700 516 739 ad
544 699 641 739 solis
670 698 875 750 lunaeque

76 755 265 809 effigiem
326 757 598 797 adorandam
661 753 875 804 abstra5ti,

76 814 223 866 palam
246 814 450 854 omnibus
479 815 698 855 dixerunt.
764 814 876 853 Haec

77 871 174 911 solis
189 871 392 924 lunaeque
406 871 753 912 fimulacravana
767 870 875 919 sunt,

77 934 121 969 et
153 928 368 969 malorum
402 930 656 969 daemonum
695 929 878 969 domici-

78 986 197 1035 lium,
219 987 337 1039 quod
368 987 455 1027 iam
487 987 561 1039 ipsi
592 986 875 1040 cognoscetis.

80 1044 139 1084 Et
161 1045 354 1084 conuersi
384 1045 438 1085 ad
470 1045 634 1097 effigies
666 1044 877 1084 Iubemus

78 1102 319 1155 (inquiunt)
342 1116 420 1143 vos
444 1103 621 1142 nefandi
651 1103 876 1142 daemones

80 1160 123 1200 in
155 1159 309 1201 Christi
341 1161 530 1208 nomine,
553 1166 600 1200 vt
628 1159 694 1199 his
724 1159 879 1211 imagi—

80 1218 207 1257 nibus
242 1216 474 1258 confrafftis
511 1219 554 1257 in
591 1217 743 1257 tartari
780 1231 880 1269 pro-

81 1275 265 1315 fundam
296 1275 440 1316 sedem
470 1275 619 1316 vestris
650 1274 880 1315 sceleribus

82 1333 419 1373 conuenientem
501 1333 707 1385 migretis.
803 1331 879 1372 Ad

81 1404 214 1443 quam
236 1405 390 1431 vocem
413 1392 638 1431 daemones
660 1403 760 1429 cum
783 1389 881 1429 hor-

82 1449 219 1489 rendo
244 1448 422 1501 strepitu
449 1446 684 1488 confra6³ds
718 1447 882 1495 statuis,

83 1512 188 1546 ante
214 1506 479 1546 adstantium
502 1505 653 1546 oculos
683 1519 761 1558 per
782 1518 883 1545 aera

52 1564 349 1604 ‘dilabuntun
418 1565 513 1604 Nec
554 1569 705 1603 tamen
747 1562 884 1615 impia

85 1628 128 1662 et
150 1621 350 1674 peruersa
372 1620 629 1674 pontificum
648 1634 771 1660 mens
790 1626 883 1660 tam

85 1680 247 1732 apertis
281 1679 410 1731 fignis
443 1679 601 1719 rediuit
635 1678 690 1718 ad
728 1678 885 1717 sanita-

85 1736 270 1785 tem,sed
286 1738 341 1777 ad
358 1737 464 1777 iram
482 1734 598 1776 sa6ta
613 1736 884 1783 concitatior,

86 1795 204 1848 quod
228 1794 323 1834 suos
346 1794 452 1834 deos
474 1795 674 1835 viderent
697 1793 753 1833 ab
779 1806 884 1845 apo-

86 1853 205 1893 stolis
222 1852 372 1892 haberi
390 1852 589 1899 ludibrio,
608 1857 651 1891 et
669 1850 883 1904 populum

87 1910 307 1950 miraculis
330 1910 501 1958 adduci,
520 1909 664 1949 statim
687 1922 762 1948 eos
784 1921 883 1948 cum

89 1968 204 2009 Sene
235 1968 377 2021 plagis
409 1967 465 2007 ad
498 1980 650 2008 necem
687 1965 885 2006 confece-

87 2032 198 2066 runt.
271 2025 332 2066 Et
371 2025 455 2065 hoc
500 2025 680 2077 quidem
726 2037 886 2077 genere

90 2083 283 2135 martyrij
311 2098 356 2124 .v.
384 2082 589 2123 calendas
620 2081 887 2122 Nouembris

88 2141 284 2181 coronati
318 2140 413 2180 sunt
450 2140 619 2193 Symon
658 2145 701 2179 et
741 2139 888 2187 Iudas,

89 2199 211 2238 cuius
246 2203 372 2238 extat
405 2211 491 2237 vna
525 2210 660 2250 parua
695 2196 886 2249 epistola,

90 2269 188 2309 quae
212 2256 324 2295 inter
345 2255 509 2308 septem
539 2253 779 2294 catholicas
808 2267 886 2293 nu-

92 2319 293 2353 meratur.

236 2438 280 2483 11
304 2434 541 2475 Marcellus
563 2440 740 2485 martyr.

321 2534 465 2575 Ζζεέῖῑό
487 2533 613 2575 tertia
624 2532 647 2574 ¹.

102 2609 411 2692 MArcellus
453 2608 633 2648 natione
674 2606 893 2660 hispanus,

237 2668 380 2720 patria
420 2664 690 2719 legionensiS,
727 2677 826 2704 cum
868 2677 894 2703 a

93 2726 184 2766 vita
216 2724 403 2772 militari,
426 2736 559 2776 quam
591 2722 738 2762 multis
768 2722 894 2761 annis

96 2783 293 2823 centurio
333 2781 529 2835 gesserat,
564 2779 817 2827 discessisset,
848 2784 895 2818 vt

95 2854 196 2880 vera
247 2839 455 2892 religione
506 2843 688 2890 accepta
739 2836 895 2877 christo

1662 144 1736 194 165

940 237 1217 279 commodius
1244 235 1478 284 inseruiret‚
1504 235 1742 275 Diocletia-

941 310 998 336 no
1028 302 1070 336 et
1095 295 1373 335 Maximiano
1403 293 1740 346 imperatoribus

942 354 1168 394 accusatus
1210 352 1270 392 est
1311 366 1363 391 eo
1406 351 1585 391 nomine
1621 350 1740 402 apud

941 410 1199 464 praefe5³mm
1234 410 1538 449 Fortunatum.
1588 407 1669 447 Cui
1702 406 1742 446 se

942 476 1155 521 tanquam
1193 467 1362 508 militiae
1403 465 1665 506 desertorem
1700 470 1743 504 et

943 526 1154 566 cultorem
1186 539 1314 565 nouae
1341 523 1651 577 superstitionis
1682 521 1744 561 in-

944 584 1121 632 cusanti‚
1137 583 1253 624 clara
1274 596 1380 622 voce
1403 581 1444 622 se
1466 580 1746 620 christianum

945 642 1029 682 esse
1051 641 1274 694 respondit
1300 654 1308 680 ;
1331 647 1375 680 et
1406 638 1576 681 Christo
1603 636 1745 685 malle,

947 713 1082 752 quam
1116 699 1298 739 terrenis
1331 696 1600 751 principibus
1634 694 1745 735 mili-

945 764 1048 797 tare.
1112 756 1212 809 Quo
1241 755 1443 808 responso
1477 754 1745 793 Fortunatus

946 815 1008 855 ira
1039 814 1272 862 succensus,
1293 811 1490 854 vinetum
1513 825 1613 851 eum
1640 810 1746 850 Tin-

945 873 1036 925 gim
1055 872 1268 925 oppidum
1286 870 1564 911 Mauritaniae
1579 868 1634 908 ad
1653 867 1748 920 Ag-

946 930 1188 971 ricolanum
1222 929 1449 982 praesidem
1481 926 1619 967 mittit
1653 941 1661 965 :
1689 926 1748 965 ei-

947 1002 1033 1041 que
1062 1002 1140 1041 per
1166 988 1314 1028 literas
1345 985 1543 1027 Marcelli
1572 983 1745 1024 causam

947 1046 1146 1099 exponit.
1208 1045 1311 1098 Qua
1351 1043 1529 1096 cognita
1561 1041 1749 1094 Agrico-

947 1103 1074 1144 lanus
1096 1102 1382 1143 confitentem
1410 1099 1682 1147 Marcellum,
1705 1104 1749 1138 et

948 1162 991 1201 in
1007 1161 1092 1201 fide
1108 1160 1263 1202 Christi
1279 1159 1629 1213 perseuerantem
1647 1170 1748 1209 cap-

948 1220 1008 1260 ite
1022 1218 1263 1260 damnauit.
1280 1215 1608 1269 Occisusqueest
1623 1227 1751 1267 quar-

948 1283 996 1317 to
1036 1276 1244 1317 calendas
1290 1274 1553 1316 nouembris.
1616 1273 1751 1314 Cuius

950 1341 1139 1375 mortem
1171 1333 1405 1373 duodecim
1435 1332 1527 1372 eius
1559 1330 1633 1383 filij
1669 1329 1752 1369 sus-

951 1398 1080 1445 cepto
1113 1392 1324 1444 martyrio
1355 1389 1531 1431 diuersis
1569 1389 1611 1428 in
1645 1387 1751 1428 locis

951 1450 1132 1491 emulati
1156 1450 1239 1490 esse
1261 1453 1572 1489 memorantur.

1221 1555 1474 1597 Nouember.

1010 1650 1055 1695 ΕΙ
1078 1647 1248 1702 Festum
1270 1645 1462 1687 omnium
1492 1644 1753 1686 §austerum

951 1706 1105 1758 duplex
1143 1705 1286 1746 maius
1317 1710 1357 1745 et
1389 1703 1515 1744 habet
1545 1708 1751 1742 octauam.

951 1764 990 1805 Α
1000 1764 1033 1804 d
1050 1764 1249 1817 vesperas.

1244 1837 1460 1890 Hymnus.

955 1911 1182 1996 CHriste
1243 1912 1497 1963 redemptor
1557 1908 1755 1949 omnium

1056 1969 1276 2011 Conserua
1297 1975 1396 2009 tuos
1414 1967 1602 2007 famulos
1621 1982 1628 2006 :
1647 1966 1757 2005 Bea-

954 2034 1012 2069 tae
1034 2028 1203 2080 semper
1216 2027 1394 2079 virginis
1414 2025 1616 2065 Placatus
1639 2023 1756 2063 sanc-

956 2086 1012 2127 tis
1035 2086 1246 2138 precibus,

1016 2144 1153 2183 Beata
1179 2155 1356 2195 quoque
1387 2140 1566 2193 agmina
1597 2137 1759 2180 Coeles-

957 2201 1068 2241 tium
1111 2200 1338 2252 spirituum
1378 2197 1615 2246 Praeterita,
1648 2209 1760 2249 prae-

957 2259 1104 2306 sentia,
1128 2258 1292 2297 Futura
1316 2256 1431 2296 mala
1453 2254 1614 2308 pellite.

1017 2317 1154 2357 Vates
1187 2314 1340 2354 aeterni
1373 2314 1537 2361 iudicis,
1569 2311 1759 2365 Aposto-

961 2374 1079 2426 lique
1109 2372 1276 2412 domini
1307 2371 1575 2424 Suppliciter
1603 2368 1760 2422 expos-

962 2433 1114 2479 cimus,
1139 2429 1310 2471 Saluari
1332 2429 1481 2469 vestris
1504 2428 1715 2481 precibus.

1022 2490 1241 2541 Martyres
1274 2487 1344 2527 dei
1386 2486 1550 2538 inclyti,
1583 2484 1762 2526 Confes-

963 2546 1160 2598 soresque
1212 2544 1343 2584 lucidi
1387 2544 1550 2584 Vestris
1601 2542 1762 2582 oratio-

963 2604 1089 2644 nibus
1114 2603 1207 2642 Nos
1231 2602 1338 2642 ferte
1361 2602 1402 2641 in
1426 2601 1684 2641 coelestibus.

1022 2661 1155 2702 Chori
1223 2658 1470 2700 san&arum
1530 2658 1761 2710 virginum,

965 2718 1376 2769 Monachorumque
1416 2717 1615 2756 omnium
1652 2729 1660 2755 :
1695 2715 1762 2755 Si-

966 2777 1056 2816 mul
1089 2790 1188 2815 cum
1222 2773 1376 2814 sanetis
1409 2774 1613 2814 omnibus
1646 2772 1763 2814 Con-

966 2834 1099 2874 sortes
1122 2833 1262 2873 christi
1287 2832 1425 2874 facite.

776 2964 786 2986 ¹
812 2965 872 2999 die
892 2973 935 3008 29
954 2964 992 2997 in
1013 2975 1057 2997 m.
