1981 3248
202 139 280 190 155

197 229 339 269 facere
388 228 724 269 constantissime
776 227 1003 268 recusaret.

197 287 330 340 xviij.
372 286 579 327 calendas
622 285 815 327 odtobris
856 285 1002 338 capite

198 350 427 385 truncatus
464 359 490 385 a
530 345 661 385 beata
697 344 867 385 Lucina
901 356 1000 383 cum

197 403 459 455 quibusdam
496 402 664 443 clericis
703 400 836 442 no5³m
881 401 1001 454 sepe-

198 460 302 501 litur
333 462 375 501 in
403 460 601 501 arenario
631 459 782 513 praedij
819 459 879 499 sui
912 472 1000 498 non

197 518 331 572 longe
353 533 378 559 a
400 518 655 559 coemeterio
679 517 838 558 Calisti.
876 517 1003 559 Sedit

198 583 349 617 autem
401 590 541 617 annos
583 576 694 616 duos
736 575 905 616 menses
947 574 1001 628 .ij.

197 635 292 675 dies
313 633 382 687 .iij.

201 723 505 807 CYprianus
524 723 703 764 natione
721 722 858 776 apher
874 722 1002 764 chris-

306 783 451 823 tianus
502 780 656 830 saffirus,
700 795 854 822 omnes
906 781 1001 821 suas

197 840 431 881 facultates
469 840 735 893 pauperibus
772 839 1000 880 distribuit.

198 898 374 938 Deinde
397 897 636 951 presbyter,
651 911 731 938 nec
749 898 890 938 multo
905 897 1001 950 post

197 956 426 1009 episcopus
487 955 830 1009 carthaginensis
883 969 1000 995 crea-

195 1013 298 1063 tus¹‚
340 1013 529 1067 plurima
571 1012 814 1054 sanetitatis
866 1013 1000 1053 docu-

196 1078 348 1112 menta
377 1072 579 1125 praebuit,
600 1078 643 1112 et
675 1069 887 1112 dofflrinae
920 1071 999 1110 sm-

195 1129 359 1182 gularis
394 1136 684 1170 monumenta
718 1129 898 1182 posteris
936 1143 1000 1169 re-

198 1188 338 1241 liquit.
376 1188 651 1241 Imperatore
668 1187 906 1228 Valeriano
929 1201 1000 1226 ac-

197 1246 383 1293 cusatus,
416 1246 534 1298 quod
578 1245 797 1287 Christum
836 1244 1000 1285 coleret

197 1318 223 1344 a
264 1310 449 1357 paterno
491 1303 758 1357 proconsule,
801 1316 900 1343 cum
944 1303 999 1342 ab

199 1362 397 1402 instituto
450 1360 566 1402 flecffi
615 1375 702 1401 non
754 1361 903 1414 posset,
956 1361 999 1400 in

198 1420 382 1460 exilium
407 1420 553 1460 missus
576 1419 646 1460 est.
683 1420 815 1460 Vnde
838 1418 1001 1471 regres-

199 1478 267 1518 sus
299 1478 558 1531 proconsule
590 1475 812 1526 defuncto,
834 1477 1000 1516 rursum

197 1537 314 1588 apud
355 1536 581 1577 Galerium
626 1536 891 1583 Maximum,
926 1535 1002 1587 qui

199 1594 389 1634 Paterno
412 1594 665 1634 successerat
682 1593 918 1642 accusatus,
938 1594 1001 1632 in-

198 1650 317 1692 uhsto
358 1652 508 1692 animo
550 1652 593 1692 in
627 1652 754 1691 vnius
790 1651 880 1691 veri
918 1651 1001 1700 dei,

199 1710 444 1762 Christique
492 1710 754 1750 COnfesslOnC
806 1709 1002 1762 perseue-

199 1781 311 1816 rans,
333 1769 621 1808 obtruncatus
644 1769 856 1819 martyrio
880 1780 1002 1806 coro-

198 1832 328 1866 natur
349 1826 470 1879 Xviij.
493 1825 700 1866 calendas
725 1823 943 1866 Ostobris.

217 1940 262 1985 (I
308 1936 549 1978 llsaltlloens
588 1936 793 1990 apostolas
833 1935 986 1988 duplex

242 1995 399 2035 mains.
450 1994 533 2034 Ad
550 1995 749 2047 veſjffieras.
805 1993 967 2034 Oratio.

207 2081 383 2163 ssEati
416 2080 612 2133 apostoli,
646 2086 689 2120 et
721 2078 1002 2132 euangelistae

332 2139 537 2179 Matthaei
579 2138 760 2179 domine
801 2137 1002 2190 precibus

199 2197 460 2237 adiuuemur
492 2210 499 2237 :
525 2202 572 2237 vt
604 2197 721 2249 quod
749 2195 1004 2249 possibilitas

199 2255 344 2295 nostra
385 2268 473 2295 non
517 2255 699 2303 obtinet,
743 2254 833 2293 eius
876 2253 1003 2293 nobis

200 2313 503 2354 intercessione
526 2313 715 2353 donetur
738 2327 745 2352 z
768 2325 856 2364 per.

437 2421 582 2462 Leffio
605 2421 734 2462 tertia
740 2419 764 2461 ².

209 2506 303 2589 BJI
319 2506 541 2557 Atthaeus‚
564 2507 638 2560 qui
671 2514 714 2548 et
745 2507 855 2547 Leui
886 2508 1003 2548 dice-

346 2565 486 2613 batur,
513 2579 571 2605 ex
598 2565 834 2617 publicano
860 2564 1002 2606 faffitus

199 2622 260 2663 est
282 2622 514 2675 apostolus
566 2623 684 2663 Nam
708 2637 807 2663 cum
832 2624 874 2663 in
897 2624 1002 2664 vrbe

201 2680 397 2721 Galilaeae
421 2680 686 2733 Capharnao
708 2681 763 2721 ad
787 2681 1001 2721 telonium

200 2738 378 2787 sederet,
420 2752 446 2779 a
497 2738 667 2779 Christo
710 2745 1003 2792 praetereunte

271 2862 282 2884 1
309 2862 369 2896 die
387 2871 440 2905 23.
460 2863 500 2896 ilc
520 2873 563 2897 m.
585 2863 626 2896 V.

270 2910 283 2930 ²
308 2910 367 2943 die
386 2919 438 2943 21.
458 2910 499 2943 in
518 2921 562 2943 m.

268 2957 280 2977 ³
307 2956 409 2990 illam
435 2968 440 2990 :
462 2957 497 2990 P.

886 146 1203 181 SEPTEMBER.

1067 224 1410 278 vocatus,ipsum
1427 225 1486 266 est
1501 225 1718 279 sequutus.
1741 238 1872 278 quem

1069 296 1169 323 cum
1203 283 1424 337 discipulis
1456 283 1646 337 hospitio
1678 283 1871 335 suscepit.

1070 341 1169 381 Post
1214 342 1307 381 eius
1357 356 1462 382 vero
1513 340 1872 382 resurresfftionem

1070 398 1311 439 Matthaeus
1354 401 1459 440 dum
1498 405 1673 452 pararet
1706 399 1749 438 in
1781 399 1872 438 Ae-

1068 456 1285 510 thiopiam
1312 457 1523 510 proficisci
1550 458 1605 498 ad
1629 457 1872 510 praedican-

1068 514 1175 554 dum
1216 516 1423 567 gentibus
1465 515 1549 555 illis
1590 513 1871 567 euangelium

1067 573 1221 625 patria,
1245 573 1328 613 hoc
1358 573 1428 621 est,
1458 573 1678 613 haebraica
1710 572 1874 625 lingua,

1068 630 1358 684 euangelium,
1377 631 1496 684 quod
1520 631 1563 670 in
1587 630 1740 671 Iudaea
1761 644 1873 683 prae-

1069 688 1308 737 dicauerat‚
1370 688 1542 741 scripsit.
1645 686 1872 728 Profthus

1069 746 1201 798 igitur
1223 746 1266 786 in
1289 746 1593 799 Aethiopiam,
1615 760 1750 799 quam
1773 760 1874 799 pro-

1068 804 1260 843 uinciam
1294 804 1435 844 suerat
1468 804 1654 852 sortitus,
1686 804 1871 844 verbum

1068 862 1237 902 domini
1268 861 1548 914 sequentibus
1576 862 1704 915 signis
1728 861 1871 902 latisfi-

1069 933 1139 959 me
1161 920 1465 960 disseminauit.
1510 921 1569 960 Et
1592 920 1713 972 regio
1735 933 1872 972 puero

1069 991 1092 1017 e
1135 984 1276 1018 morte
1317 978 1374 1017 ad
1416 978 1553 1018 vitam
1595 992 1680 1031 ope
1721 978 1872 1017 diuina

1067 1042 1288 1083 reuocato,
1344 1049 1494 1088 regem
1546 1042 1718 1089 patrem
1770 1049 1870 1075 cum

1068 1107 1207 1133 vxore
1244 1100 1289 1133 et
1324 1093 1523 1133 Vniuersa
1557 1093 1784 1146 prouincia
1816 1093 1871 1133 ad

1070 1150 1224 1192 Christi
1248 1150 1381 1191 fidem
1400 1152 1628 1192 conuertit.
1681 1151 1763 1192 Cui
1781 1151 1872 1204 regi

1068 1207 1279 1249 defuneto
1311 1223 1409 1248 cum
1444 1210 1655 1249 Hirtacus
1688 1209 1870 1262 quidam

1069 1266 1111 1306 in
1145 1280 1282 1319 regno
1315 1266 1577 1314 successisset,
1611 1267 1787 1320 eiusque
1824 1267 1872 1306 fi-

1068 1324 1173 1363 liam
1202 1324 1483 1377 Iphigeniam
1513 1324 1588 1364 fibi
1617 1324 1751 1365 vellet
1782 1338 1872 1364 ma-

1068 1383 1278 1422 trimonio
1339 1382 1559 1436 copulare,
1614 1382 1870 1428 Matthaeus,

1069 1454 1157 1493 quo
1209 1438 1389 1480 auc'tore
1439 1440 1740 1492 virginitatem
1783 1439 1873 1480 illa3

1068 1504 1252 1538 vouerat
1282 1504 1327 1538 vt
1359 1499 1402 1537 in
1436 1497 1584 1538 sanffito
1606 1499 1872 1551 virginitatis

1068 1556 1290 1609 proposito
1308 1556 1756 1609 perfisteret,eandem
1773 1556 1872 1596 hor-

1069 1613 1259 1654 tabatur.
1323 1615 1481 1667 Itaque
1512 1615 1727 1667 virginem
1769 1628 1871 1654 con-

1069 1671 1232 1711 stanter
1266 1671 1349 1712 suis
1384 1673 1498 1712 votis
1537 1672 1738 1712 obfistere
1779 1686 1873 1712 mo-

1070 1729 1284 1770 lestisfime
1318 1730 1461 1770 serens
1502 1730 1724 1778 Hirtacus,
1756 1730 1873 1770 Mat-

1068 1787 1249 1835 thaeu1n‚
1267 1801 1397 1840 quem
1421 1788 1512 1827 eius
1535 1788 1696 1839 consilij
1722 1786 1873 1828 austo-

1069 1859 1161 1884 rem
1192 1845 1275 1885 esse
1305 1845 1480 1894 sciebat,
1503 1846 1555 1885 ad
1590 1845 1727 1885 altare
1754 1845 1872 1886 sacra

1070 1903 1305 1943 facientem
1337 1903 1489 1956 gladio
1521 1902 1722 1943 confudi4
1750 1904 1871 1944 iusfit.

1071 1960 1131 2001 Et
1173 1960 1226 2000 fic
1269 1960 1468 2013 apostoli,
1511 1967 1555 2001 et
1592 1961 1872 2013 euangelistae

1071 2018 1358 2071 martyrisque
1419 2032 1629 2058 coronam
1686 2020 1872 2072 adeptus

1071 2076 1314 2116 Matthaeus
1338 2076 1394 2116 ad
1419 2076 1651 2125 Christum,
1674 2077 1872 2117 beatam-

1071 2148 1156 2186 que
1177 2135 1314 2174 vitam
1339 2134 1547 2187 migrauit
1568 2134 1640 2187 ‚xj.
1664 2135 1872 2175 calendas

1072 2190 1291 2233 Ostobris.

1071 2298 1114 2342 ΕΙ
1134 2295 1387 2336 Mauricius
1407 2310 1501 2336 cnm
1512 2296 1645 2350 socijs
1670 2296 1870 2351 martyr?

1302 2365 1446 2406 Lcc‘Zz'o
1471 2365 1599 2406 tertia
1607 2364 1631 2407 ⁶.

1073 2451 1239 2534 CVm
1283 2451 1589 2491 Maximianus
1632 2451 1873 2503 imperator

1183 2509 1439 2558 exercitum,
1473 2522 1605 2561 quern
1647 2509 1873 2561 ingentem

1070 2580 1128 2606 ex
1160 2566 1292 2618 varijs
1324 2566 1577 2606 nationibus
1610 2564 1871 2615 confecffhim,

1069 2624 1311 2676 transalpes
1348 2625 1601 2673 induxerat,
1632 2624 1716 2676 dijs
1748 2624 1871 2663 sacri-

1070 2681 1199 2722 ficare
1221 2682 1264 2721 in
1290 2681 1567 2723 Sedunorum
1597 2681 1756 2721 finibus
1781 2682 1871 2734 <qui

1070 2739 1222 2793 populi
1255 2739 1352 2779 sunt
1384 2740 1428 2779 in
1461 2739 1621 2793 Gallia)
1658 2739 1828 2780 iusfisset
1863 2753 1871 2780 :

1142 2861 1155 2883 4
1182 2861 1330 2895 confodi
1356 2873 1362 2896 :
1382 2862 1424 2895 R.
1443 2862 1479 2896 P.
1496 2862 1536 2895 A.

1141 2909 1154 2929 ⁵
1179 2915 1360 2952 martyres
1385 2921 1391 2942 :
1413 2909 1449 2942 P.
1467 2909 1509 2942 A.

1140 2956 1153 2976 ⁶
1179 2956 1238 2990 die
1259 2965 1301 2989 22
1320 2956 1359 2989 in
1379 2967 1424 2989 m.
