1981 3248
226 134 306 175 134

217 221 360 257 tarum
372 218 601 259 nationum
611 219 1021 273 praedicaret,varijs

218 274 380 327 linguis
417 276 603 326 locutus,
640 283 683 318 et
717 278 773 318 ab
815 278 1022 318 omnibus

220 332 472 375 intellecsstus
495 335 578 376 esse
601 336 801 377 traditur.
865 336 1024 388 Itaque

219 389 463 432 sermonem
500 393 630 446 ipsius
668 393 851 433 domino
892 393 1023 446 signis

221 449 526 500 confirmante,
558 450 720 491 multas
761 451 946 491 haereses
979 452 1022 491 in

223 506 353 547 Italia
394 508 652 557 confutauit,
696 508 911 549 fafiffiones
959 509 1023 549 di-

221 565 362 613 remit,
399 572 443 607 et
476 567 675 606 inimicos
712 566 1023 608 reconciliauit.

221 622 424 663 Tandem
476 624 633 676 plenus
690 622 930 673 sanGtitate,
981 631 1025 666 et

220 680 443 721 miraculis
470 682 613 722 clarus
643 682 813 735 Patauij
840 683 1026 723 moritur

219 737 364 778 idibus
394 739 507 792 Iunij
545 755 552 780 :
588 745 632 780 et
662 740 705 780 in
740 740 916 781 ecclesia
948 755 1025 781 no-

222 796 340 836 rnine
362 797 491 849 ipsius
514 797 726 838 fabricata
749 799 926 851 egregio
956 805 1025 839 tu-

222 853 342 894 mulo
366 854 558 908 sepultus
582 856 642 896 est
665 872 672 896 :
696 862 739 896 et
761 855 786 896 a
811 856 1025 909 Gregorio

221 924 339 952 nono
357 912 501 953 statim
526 914 569 953 in
593 913 841 954 sancftorum
860 915 1025 955 conses-

220 969 363 1010 sorum
387 971 652 1012 consortium
677 973 850 1013 relatus.

279 1074 323 1119 Ἠ
357 1072 542 1114 Marcus
571 1081 613 1115 et
639 1075 965 1117 Marcellinum.

450 1132 595 1172 Lechc)
627 1134 757 1173 tertia
767 1132 789 1174 ¹.

338 1195 1023 1239 ArcusetMarcellianusfratres

369 1256 538 1305 Romae,
571 1256 853 1296 Diocletiano
886 1258 1022 1309 impe-

219 1317 363 1352 ratore
393 1327 472 1365 pro
497 1313 653 1354 Christi
676 1314 762 1354 fide
786 1316 826 1354 in
847 1315 1023 1355 vincula

218 1369 404 1411 coniefti
440 1371 536 1412 sunt
568 1372 624 1412 ab
660 1373 777 1412 vrbis
812 1371 1022 1426 praeseffffi

219 1427 509 1469 Chromantio
569 1445 576 1470 :
630 1431 685 1470 ad
744 1438 1022 1483 mortemque

219 1486 431 1535 damnati,
464 1487 539 1527 nisi
572 1495 675 1528 ante
708 1489 827 1528 diem
860 1489 1023 1541 trigesi-

220 1557 341 1584 mum
369 1546 424 1585 ad
458 1546 625 1586 cultum
659 1547 842 1586 deorum
876 1547 1022 1598 redijs-

218 1601 321 1642 sent.
385 1603 461 1643 Ad
484 1617 596 1656 quos
625 1618 724 1644 cum
758 1605 1022 1658 Tranquilli-

219 1673 300 1699 nus
334 1667 469 1713 pater,
504 1668 547 1702 et
590 1668 733 1702 mater
771 1663 945 1710 Martia,
979 1669 1022 1703 et

219 1717 415 1771 plerique
433 1726 722 1772 cognatorum
742 1721 1022 1769 ventitarent‚

218 1782 265 1815 vt
298 1776 411 1829 ipsos
444 1777 499 1817 ab
533 1778 728 1830 incoepto
755 1778 1021 1826 seducerent,

218 1831 244 1873 a
267 1834 399 1874 beato
423 1834 680 1875 Sebastiano
704 1835 951 1875 confirmati
978 1837 1021 1876 in

219 1891 307 1932 fide
343 1892 632 1944 perstiterunt.
697 1893 784 1946 Qui
823 1893 1022 1934 sebastia-

219 1963 301 1989 nus
324 1963 410 1989 non
435 1950 571 1990 solum
594 1951 750 1991 horum
775 1949 1021 1992 sanfrorum

219 2014 436 2060 parentes,
456 2008 526 2048 sed
552 2009 890 2050 Chromantium
913 2023 1022 2062 quo-

219 2079 306 2118 que
343 2066 398 2106 ad
437 2065 593 2107 Christi
626 2067 760 2107 fidem
792 2068 1020 2108 conuertit.

220 2122 524 2175 Quamobrem
568 2124 880 2165 Chromantius
930 2139 1022 2165 ma-

218 2180 399 2234 gistratu
432 2182 488 2222 ab
521 2182 785 2234 imperatore
807 2183 1019 2236 priuatus,

220 2240 263 2279 in
296 2239 479 2279 exilium
513 2241 659 2280 missus
691 2240 763 2281 est.
824 2241 907 2282 Cui
931 2241 1020 2281 suc-

218 2298 379 2337 cedens
432 2298 653 2338 Fabianus
711 2298 924 2345 Marcum,
977 2305 1020 2339 et

219 2354 554 2395 Marcellianum
611 2356 794 2396 deorum
852 2356 1019 2397 cultum

218 2412 511 2466 aspernantes,
543 2414 638 2467 post
674 2415 894 2454 diutinam
928 2429 1019 2454 car-

219 2471 327 2510 ceris
349 2469 643 2520 afflirfflonem,
666 2472 722 2511 ad
745 2472 933 2525 stipitem
959 2472 1020 2512 al-

218 2528 355 2580 ligari,
397 2529 617 2582 pedesque
668 2530 804 2570 clauis
856 2530 1017 2583 configi

218 2586 340 2634 iussit,
379 2586 467 2627 Sed
500 2587 617 2627 hunc
645 2589 885 2627 cruciatum
918 2601 1018 2628 cum

217 2644 288 2683 die
311 2657 360 2683 ac
379 2642 509 2684 no&e
527 2658 689 2697 magno
707 2646 857 2685 animo
877 2645 1017 2686 Chris-

217 2708 312 2741 tum
332 2700 563 2741 laudantes
581 2703 863 2755 pertulissent‚
881 2703 1018 2744 latera

216 2758 415 2799 transfixi
464 2759 637 2809 lanceis,
681 2760 878 2814 martyrij
924 2761 1018 2814 pal-

287 2915 298 2936 1
325 2914 384 2948 die
407 2915 456 2950 18.
478 2915 516 2948 in
537 2927 583 2950 m.

286 2961 300 2983 ²
327 2961 385 2995 die
408 2972 457 3005 19.
479 2963 518 2996 in
538 2974 582 2996 m.
632 2964 684 2998 61.
706 2963 749 2997 A.

930 142 956 172 I
959 142 1053 174 UNI
1056 143 1115 176 US
1115 167 1122 174 .

1092 235 1211 263 mam
1237 223 1333 264 sunt
1357 224 1517 278 adepti.
1581 224 1781 278 Quorum
1805 239 1898 265 cor-

1092 294 1200 332 pora
1232 281 1257 322 a
1290 282 1546 323 Christianis
1580 282 1730 323 ablata
1762 281 1896 323 noctu

1093 338 1136 377 in
1154 339 1224 379 via
1241 341 1470 381 ardeatina
1489 341 1544 380 ad
1563 340 1672 393 xiiij.
1690 340 1897 395 calendas

1095 396 1193 450 Iulij
1221 397 1496 451 sepeliuntur.

1412 500 1575 542 Oratio.

1100 568 1325 650 PRaesta
1347 571 1596 623 quaesumus
1616 571 1898 625 omnipotens

1206 627 1313 667 deus
1338 634 1409 668 :vt
1426 629 1500 681 qui
1519 627 1766 669 samstorum
1784 643 1896 670 mar-

1093 690 1240 737 tyrum
1264 692 1441 726 tuorum
1460 686 1599 727 Marci
1618 693 1662 727 et
1681 687 1898 727 Marcelli-

1093 742 1164 782 ani
1198 743 1399 784 natalitia
1430 743 1614 785 colimus
1648 758 1656 785 :
1682 743 1707 785 a
1729 743 1897 785 cuntftis

1094 801 1222 841 malis
1245 802 1578 842 imminentibus
1596 816 1747 843 eorum
1766 803 1897 844 inter-

1094 859 1350 900 cessionibus
1374 860 1608 901 liberemur
1632 876 1639 901 :
1661 874 1750 914 per.

1095 953 1139 998 11
1178 952 1419 1004 Gemastus,
1449 959 1490 993 et
1521 953 1746 1006 Protastus
1780 967 1897 994 mar-

1240 1017 1362 1062 tyres.
1424 1010 1568 1051 Lava
1600 1010 1756 1052 lertiffl.

1183 1080 1386 1120 Eruasius
1419 1087 1463 1121 et
1496 1081 1711 1121 Protasius
1744 1080 1897 1121 fratres

1211 1145 1381 1191 patrem
1414 1138 1662 1179 habuerunt
1688 1138 1897 1189 Vitalem,

1095 1196 1169 1248 qui
1214 1197 1453 1246 Rauennae,
1491 1203 1535 1237 et
1577 1203 1764 1237 matrem
1806 1197 1898 1237 Va—

1093 1254 1243 1294 leriam
1262 1268 1361 1307 quae
1381 1254 1623 1294 Mediolani
1641 1268 1720 1307 pro
1741 1253 1896 1295 Christi

1093 1311 1179 1352 fide
1231 1313 1490 1364 martyrium
1536 1312 1741 1353 tulerunt.
1816 1313 1897 1352 Pa-

1093 1376 1267 1410 rentum
1290 1370 1422 1422 igitur
1450 1371 1663 1423 pietatem
1696 1376 1740 1410 et
1761 1369 1895 1410 fidem

1093 1428 1354 1468 aemulantes
1377 1428 1471 1481 post
1494 1428 1683 1481 ipsorum
1707 1434 1895 1468 mortem

1092 1485 1220 1526 iuxta
1290 1486 1514 1526 consilium
1592 1486 1895 1539 euangelicum

1093 1557 1248 1584 omnes
1267 1544 1361 1583 suas
1380 1544 1611 1585 facultates
1629 1544 1896 1597 pauperibus

1094 1601 1416 1649 distribuerunt,
1473 1609 1517 1643 et
1578 1602 1722 1642 seruos
1784 1615 1895 1655 quos

1093 1659 1319 1700 habebant
1390 1660 1592 1700 libertate
1662 1661 1895 1708 donarunt,

1094 1717 1266 1770 Quibus
1301 1718 1429 1758 rebus
1472 1724 1515 1758 et
1549 1717 1750 1771 singulari
1791 1718 1894 1758 vitae

1093 1773 1321 1816 saii&itate
1391 1776 1602 1816 commoti
1663 1775 1894 1828 gentilium

1094 1833 1339 1874 sacerdotes
1394 1833 1648 1874 Christianae
1694 1833 1894 1886 religioni

1093 1891 1243 1939 infesti,
1277 1905 1487 1944 magnum
1520 1892 1564 1931 in
1596 1891 1711 1944 ipsos
1742 1892 1893 1932 odium

1092 1949 1445 2002 atqueinuidiam
1455 1955 1759 2002 conceperunt.
1780 1949 1893 1990 Cum

1092 2021 1196 2060 ergo
1248 2021 1325 2060 per
1370 2007 1413 2048 id
1455 2014 1631 2061 tempus
1673 2006 1895 2047 Astasius3

1092 2079 1240 2105 comes
1274 2066 1317 2105 in
1354 2065 1519 2105 bellum
1553 2064 1895 2118 proficisceretur

1091 2122 1204 2163 hanc
1222 2123 1433 2163 nefariam
1453 2124 1667 2163 rationem
1691 2124 1787 2176 pios
1810 2122 1894 2162 fra-

1090 2187 1177 2221 tres
1210 2195 1233 2221 e
1265 2181 1411 2221 medio
1443 2181 1626 2221 tollendi
1649 2181 1892 2221 sacerdotes

1091 2239 1323 2287 iniuerunt‚
1345 2245 1392 2280 vt
1423 2239 1605 2288 Astafio,
1631 2239 1752 2279 velut
1783 2239 1894 2279 diui-

1091 2298 1209 2337 nitus
1279 2297 1508 2346 admoniti,
1570 2297 1891 2350 persuaderent,

1091 2361 1299 2408 negatam
1323 2355 1397 2407 ipsi
1416 2355 1499 2395 esse
1516 2354 1693 2395 decreto
1709 2355 1891 2395 deorum

1088 2412 1331 2463 Vic‘toriam,
1350 2412 1424 2452 nisi
1445 2412 1697 2452 Geruasium
1722 2418 1765 2452 et
1790 2412 1892 2452 Pro-

1090 2471 1243 2511 tasium
1277 2469 1302 2510 a
1339 2470 1494 2511 Christi
1529 2470 1615 2511 fide
1649 2469 1890 2518 desciscere,

1090 2528 1271 2582 ipsisque
1294 2528 1378 2580 dijs
1401 2527 1638 2568 sacrificare
1655 2527 1891 2580 compelle-

1089 2593 1165 2627 ret.
1228 2585 1359 2638 Quod
1382 2600 1482 2626 cum
1501 2585 1692 2625 Astasius
1715 2585 1771 2625 ab
1793 2584 1890 2638 ipsis

1089 2658 1169 2685 nec
1183 2643 1384 2697 precibus
1400 2644 1646 2696 impetrare,
1663 2656 1743 2683 nec
1760 2643 1890 2683 minis

1088 2708 1353 2754 extorquere
1386 2701 1603 2754 potuisset,
1637 2701 1794 2741 eodem
1827 2700 1891 2740 iu-

1087 2760 1219 2801 bente
1234 2759 1462 2800 Geruasius
1478 2758 1718 2812 plumbatis
1735 2758 1888 2799 tandiu

1158 2916 1171 2937 5
1197 2916 1373 2951 Arstasius
1398 2927 1403 2950 :
1424 2916 1471 2950 A.
