1981 3248
219 153 297 203 158

218 246 426 288 derentur
496 246 715 288 cruciatus
786 245 1022 299 negligere,

217 304 324 345 iussu
357 304 562 358 praesidis,
582 311 630 346 vt
662 310 787 345 erant
819 304 943 357 ligati
977 303 1021 342 in

218 376 340 403 mare
381 363 685 404 deturbantur.
747 362 914 403 Diuino
955 366 1020 400 ta-

218 434 319 461 men
364 435 545 462 munere
586 421 736 461 solutis
776 419 961 460 vinculis
998 432 1021 458 e

218 478 379 531 pelago
421 480 519 519 sunt
570 479 814 519 incolumes
861 477 1020 530 egresfi.

220 537 381 577 Praeses
413 544 561 578 autem
594 537 679 577 hoc
711 536 894 589 magicis
920 535 1023 575 arti-

217 595 298 635 bus
334 595 563 645 ascribens,
594 595 715 634 iubet
747 608 822 634 eos
855 594 898 633 in
931 606 1022 633 car-

218 667 361 694 cerem
386 654 514 703 trudi,
538 667 587 693 ac
610 652 816 706 postridie
839 649 1022 691 educ‘tos

219 712 263 751 in
292 725 503 764 magnum
532 725 687 763 rogum
712 710 903 750 immitti.
969 709 1020 749 In

220 783 308 822 quo
341 784 440 809 cum
468 769 585 809 illaesi
616 768 893 808 nihilosecius
927 781 1021 820 per-

219 827 477 875 mansissent,
520 826 614 880 post
656 827 887 866 innumera
929 825 1024 878 sup-

219 886 351 938 plicia
366 886 524 939 capitis
547 885 887 925 obtruncatione
910 897 1024 923 mar-

220 944 337 996 tyrio
366 944 463 984 sunt
492 943 702 991 coronati,
729 949 773 983 et
803 942 968 982 ibidem
997 955 1023 981 a

220 1001 476 1043 Christianis
528 1000 682 1054 sepulti
725 1015 772 1041 .v.
815 999 1023 1040 calendas

222 1058 439 1102 Oftobris.
524 1058 723 1099 Processu
766 1071 870 1098 vero
912 1063 1024 1097 tem-

219 1119 337 1171 poris
355 1119 546 1158 Romam
563 1116 771 1165 translati,
787 1116 829 1156 in
848 1115 1024 1155 ecclefia

220 1176 411 1229 ipsorum
455 1175 634 1216 nomine
675 1174 823 1215 dicata
874 1187 1025 1214 recon-

219 1235 393 1274 duntur.

541 1323 703 1366 Oratio.

229 1405 453 1487 PRaesta
475 1404 723 1458 quaesumus
742 1403 1024 1457 omnipotens

336 1465 457 1512 deus,
474 1469 520 1504 vt
543 1463 617 1515 qui
640 1460 888 1502 san&orum
913 1475 1026 1501 mar-

219 1528 369 1575 tyrum
396 1528 572 1562 tuorum
602 1520 773 1562 Cosmae
797 1526 840 1560 et
870 1519 1026 1560 Dami-

221 1581 293 1620 ani
322 1579 525 1620 natalitia
554 1579 739 1618 colimus
767 1594 774 1618 :
805 1577 829 1618 a
855 1575 1025 1618 cunctis

221 1638 347 1678 malis
390 1637 725 1677 imminentibus
767 1649 917 1676 eorum
961 1637 1025 1675 in-

221 1696 548 1737 tercessionibus
570 1694 807 1735 liberemur
832 1708 839 1735 :
863 1707 951 1747 per.

222 1808 266 1852 {I
314 1804 511 1845 Michael
555 1803 835 1857 archangelus
874 1803 1028 1856 duplex

252 1863 405 1904 mains.
446 1862 528 1902 Ad
546 1863 746 1915 wspcras.
788 1862 1004 1914 fflmmzzs.

222 1948 375 2030 TIbi
419 1947 586 1989 Christe
633 1947 837 2001 splendor
878 1948 1026 2001 patris,

362 2006 481 2054 Vita,
532 2006 669 2046 virtus
721 2006 918 2046 cordium
973 2006 1024 2045 In

221 2062 456 2117 conspeetu
480 2063 737 2116 angelorum
754 2063 895 2112 Votis,
919 2077 1026 2104 voce

223 2123 446 2176 psallimus
490 2138 497 2162 :
529 2122 818 2161 Alternantes
850 2135 1027 2162 concre-

223 2181 373 2234 pando
398 2180 541 2220 Melos
563 2180 721 2219 damus
744 2179 937 2219 vocibus.

283 2237 601 2279 Collaudamus
622 2243 883 2277 venerantes
917 2237 1027 2278 Om-

224 2310 301 2336 nes
328 2296 426 2336 coeli
456 2295 617 2335 milites
642 2311 649 2335 :
684 2295 773 2336 Sed
804 2296 1027 2348 praecipue

223 2354 460 2407 primatem
534 2353 733 2394 Coelestis
805 2354 1027 2393 exercitus

225 2411 491 2452 Michaelem
521 2411 563 2451 in
594 2412 757 2451 virtute
786 2410 1027 2452 Conteren-

222 2476 313 2510 tem
337 2469 537 2509 zabulon.

285 2526 386 2579 Quo
408 2526 586 2567 custode
609 2526 760 2579 procul
783 2526 900 2579 pelle
925 2527 1027 2567 Rex

226 2584 381 2625 christe
406 2585 588 2637 pijsfime
617 2585 764 2625 Omne
792 2585 915 2624 nefas
949 2585 1027 2624 ini-

227 2643 328 2682 mici
364 2642 537 2682 Mundo
579 2642 721 2690 corde,
766 2648 809 2682 et
844 2656 1027 2695 corpore

228 2699 433 2740 Paradiso
456 2699 590 2740 redde
613 2706 689 2739 tuo
714 2700 807 2739 Nos
831 2700 919 2740 sola
942 2700 1027 2740 cle-

228 2758 403 2797 mentia.

286 2815 482 2856 Gloriam
515 2814 629 2867 patri
662 2814 847 2855 melodis
881 2814 1026 2855 Perso-

226 2887 381 2914 nemus
403 2873 583 2913 vocibus
602 2887 610 2912 :
638 2872 833 2913 Gloriam
859 2873 1028 2913 Christo

406 2973 418 2995 1
444 2973 503 3008 die
523 2983 575 3018 29.
595 2974 635 3007 in
655 2985 700 3006 m.

894 167 1212 201 SEPTEMBER.

1091 258 1302 284 canamus
1338 260 1345 285 :
1381 243 1579 285 Gloriam
1621 241 1845 297 paracleto
1885 255 1894 282 :

1093 302 1181 355 Qui
1218 303 1357 343 trinus
1393 309 1436 343 et
1478 316 1589 343 Vnus
1624 302 1732 342 deus
1765 304 1894 341 extat

1091 367 1194 401 ante
1216 360 1367 401 secula.
1428 359 1592 402 Amen.

1413 450 1503 492 Ora
1509 451 1578 491 tio.

1099 525 1290 607 DEuS,
1326 525 1400 578 qui
1434 525 1545 564 miro
1577 524 1731 564 ordine
1763 536 1896 576 ange-

1214 583 1355 623 lorum
1380 582 1628 630 ministeria,
1644 581 1896 621 hominum-

1094 655 1179 694 que
1195 641 1434 694 dispensas:
1451 641 1644 680 concede
1658 639 1895 692 propitius:

1092 706 1138 739 vt
1171 700 1329 752 quibus
1361 699 1441 739 tibi
1475 698 1819 738 ministrantibus
1852 697 1895 737 in

1093 757 1206 798 coelo
1230 757 1398 809 semper
1420 756 1618 796 assistitur
1644 771 1651 796 :
1679 755 1735 795 ab
1762 755 1828 794 his
1852 755 1894 795 in

1093 822 1207 856 terra
1230 816 1321 856 vita
1344 814 1488 855 nostra
1511 814 1736 854 muniatur
1759 828 1766 853 :
1788 826 1874 866 per.

1094 910 1137 954 ΕῙ
1162 907 1243 947 Ad
1271 906 1536 947 mamtinmn
1560 904 1865 946 z'mtz'tatorinvz
1873 902 1896 945 ¹.

1154 981 1323 1034 Regem
1357 978 1639 1033 angelorum2
1665 979 1895 1019 dominum

1093 1040 1241 1080 venite
1263 1039 1509 1079 adoremus.

1384 1130 1600 1182 [symmac.

1177 1203 1324 1244 Hriste
1339 1201 1586 1243 sanetorum
1610 1202 1743 1242 decus
1767 1214 1898 1254 ange-

1203 1262 1356 1308 lorum,
1378 1259 1543 1301 Rector
1563 1260 1745 1300 humani
1767 1273 1898 1312 gene-

1096 1320 1165 1368 ris,
1208 1326 1251 1360 et
1293 1317 1446 1359 auctor
1488 1318 1630 1359 Nobis
1682 1323 1896 1357 aeternum

1094 1379 1237 1419 tribue
1254 1378 1471 1430 benignus
1485 1375 1706 1418 Scandere
1723 1374 1897 1415 coelum.

1153 1436 1379 1488 Angelum
1430 1435 1549 1487 pacis
1596 1432 1790 1474 Michael
1840 1432 1897 1472 ad

1096 1494 1220 1534 istam
1246 1507 1254 1534 :
1286 1493 1472 1534 Coelitus
1505 1492 1621 1532 mitti
1654 1491 1898 1544 rogitamus

1095 1552 1242 1592 aulam
1266 1567 1273 1592 :
1296 1551 1438 1591 Nobis
1453 1557 1499 1591 vt
1522 1550 1673 1591 crebro
1695 1549 1899 1590 veniente

1095 1610 1289 1650 crescant
1314 1609 1521 1662 Prospera
1543 1606 1710 1648 cuneta.

1153 1667 1356 1720 Angelus
1420 1666 1543 1706 fortis
1610 1663 1801 1713 Gabriel,
1851 1670 1899 1705 vt

1095 1725 1262 1766 hostem
1297 1724 1437 1765 Pellat
1470 1724 1713 1777 antiquum,
1745 1722 1900 1762 volitet

1096 1784 1151 1824 ab
1181 1783 1271 1823 alto
1301 1799 1308 1823 ε
1338 1782 1511 1835 Saepius
1538 1781 1757 1834 templum
1779 1780 1900 1820 veni-

1096 1855 1172 1881 ens
1196 1842 1251 1881 ad
1275 1840 1385 1881 istud
1408 1840 1556 1880 Visere
1579 1839 1783 1879 nostrum.

1154 1898 1383 1951 Angelum
1407 1898 1535 1938 nobis
1560 1912 1568 1938 z
1592 1896 1813 1936 medicum
1838 1895 1899 1936 sa-

1095 1957 1198 1997 lutis
1229 1957 1360 1996 Mitte
1386 1956 1442 1996 de
1465 1955 1587 1995 coelis
1616 1954 1831 2007 RaphaeL
1852 1959 1901 1994 vt

1095 2029 1249 2055 omnes
1274 2014 1411 2055 Sanet
1433 2019 1635 2067 aegrotos,
1651 2013 1901 2066 pariterque

1097 2073 1263 2113 nostros
1287 2072 1462 2124 Dirigat
1485 2069 1619 2111 aetus.

1157 2131 1276 2171 Hinc
1291 2131 1361 2170 dei
1380 2129 1509 2169 nostri
1524 2128 1718 2182 genitrix
1733 2127 1901 2168 Maria:

1096 2189 1237 2229 Totus
1256 2194 1299 2228 et
1317 2188 1443 2228 nobis
1462 2187 1619 2227 chorus
1641 2185 1901 2238 angelorum

1098 2247 1285 2299 Semper
1316 2245 1483 2295 assistat,
1519 2244 1662 2286 Simul
1694 2250 1738 2284 et
1769 2243 1902 2284 beata

1098 2305 1266 2346 Concio
1289 2310 1394 2344 tota.

1157 2362 1336 2402 Praestet
1359 2362 1442 2401 hoc
1466 2360 1594 2400 nobis
1611 2359 1753 2399 deitas
1767 2358 1900 2399 beata

1099 2420 1252 2468 Patris,
1274 2433 1324 2460 ac
1357 2419 1462 2466 nati,
1487 2419 1737 2471 pariterque
1766 2414 1901 2456 sancti

1099 2478 1301 2531 Spiritus,
1337 2477 1460 2517 cuius
1503 2476 1657 2516 reboat
1698 2475 1742 2515 in
1779 2473 1901 2515 omni

1099 2535 1251 2576 Gloria
1274 2535 1452 2575 mundo.
1514 2533 1676 2574 Amen.

1347 2624 1492 2665 Lefl‘z‘o
1514 2623 1653 2665 terlia.

1190 2697 1527 2739 Voniamhodie
1539 2697 1694 2737 festum
1705 2695 1900 2736 Michae-

1114 2776 1182 2799 A
1221 2757 1272 2796 lis
1314 2755 1586 2808 Archangeli
1628 2754 1900 2794 celebramus

1097 2828 1185 2854 non
1209 2815 1289 2854 erit
1307 2814 1363 2854 ab
1381 2827 1425 2853 re
1442 2826 1584 2866 pauca
1599 2813 1653 2852 de
1671 2811 1897 2851 ordinibus

1097 2872 1437 2926 praestantiaque
1479 2869 1738 2923 angelorum
1779 2882 1897 2909 com-

1153 2972 1166 2994 2
1192 2972 1502 3017 archangelorum
1524 2982 1531 3006 :
1554 2971 1596 3005 R.
1615 2971 1653 3004 P.
1669 2970 1712 3004 A.
