1981 3248
184 152 238 195 72
606 163 671 195 IN
694 165 854 198 FESTO
884 166 1100 198 SANCTAE
1136 168 1437 205 TRINITATJS.

191 234 236 279 ΕΙ
288 233 523 277 Dominica
570 238 808 281 Trinitatis
847 241 997 295 prima

246 292 345 345 post
372 296 638 349 pentecosten.
699 299 783 338 Ad
818 300 998 340 matzatz·-

251 363 367 391 mtm.
408 352 734 397 anaz'tatorz'zmz.
784 355 995 398 Sanctam

253 407 520 450 Trinitatem
554 427 690 453 vnum
735 414 882 455 Deum
924 430 997 456 ve-

254 466 346 506 nite
434 469 681 512 adoremus.
780 473 996 525 Hymnus.

253 522 423 565 Adesto
456 526 624 569 San&a
653 530 826 571 trinitas
856 537 905 571 vt
919 532 998 584 sn-

242 589 329 634 pra
344 581 367 623 ¹.

239 706 313 746 Ex
331 707 691 753 Denlewnomiffi.
751 711 898 753 LeHz'o
917 712 956 766 j.

204 797 332 879 IAir
385 799 499 841 filius
556 802 755 844 Manasse
810 805 998 857 possedit

277 871 457 899 omnem
505 861 728 913 regionem
780 862 993 917 Argob...

194 920 349 955 contra
372 916 573 958 Phanum
598 919 783 973 Phogor.

283 1059 327 1104 &I
352 1057 425 1097 Ex
442 1058 482 1098 A
491 1059 571 1099 aslis
590 1060 917 1114 Ap0st0l07'u7723.

416 1116 561 1157 Lech'o
571 1118 772 1170 fhemzda.

137 1232 143 1237 -
196 1204 330 1286 VIr
380 1213 529 1272 autem
581 1209 763 1262 quidam
816 1212 996 1252 nomine

312 1264 620 1307 Ananias...in
666 1268 898 1322 templum,
951 1277 996 1311 et

190 1321 423 1364 docebant.

193 1462 237 1506 ΕΙ
254 1459 293 1499 Α
303 1460 529 1513 agustinus
541 1460 608 1502 42'72
626 1463 646 1503 l
646 1462 757 1504 z'b7‘04
772 1464 824 1504 de
844 1465 884 1505 T
882 1467 954 1508 rin
960 1467 994 1507 ί-

367 1526 461 1560 tczlc.
523 1520 669 1561 Lefft'z'o
691 1522 830 1564 tertia.

274 1609 489 1651 Redimus
509 1610 702 1653 sannam
722 1614 965 1654 trinitatem
987 1629 994 1654 :

301 1667 345 1707 id
380 1668 439 1708 est
471 1676 658 1721 patrem,
690 1677 733 1711 et
766 1671 916 1721 filium,
949 1678 993 1712 et

192 1724 389 1777 spiritum
433 1725 629 1767 sanffitum
673 1743 809 1769 vnum
857 1730 991 1770 deum

191 1784 558 1836 omnipotentem,
574 1786 702 1826 vnius
718 1787 990 1828 substantiae:

189 1841 318 1881 vnius
355 1842 595 1894 potestatis,
626 1845 755 1884 vnius
788 1845 990 1895 essentiae‚

190 1905 433 1940 creatorem
457 1901 655 1941 omnium
679 1909 988 1945 creaturarum.

187 1956 234 1996 A
249 1970 336 2009 quo
351 1958 500 1998 omnia
517 1974 524 1998 :
542 1973 619 2011 per
633 1974 764 2012 quem
774 1962 987 2010 omnia,in

189 2028 278 2066 quo
301 2015 459 2056 omnia.
514 2017 746 2058 Credimus
769 2026 940 2071 patrem
964 2019 989 2060 a

188 2071 418 2126 semetipso
452 2087 540 2114 non
572 2074 628 2115 ab
660 2076 758 2125 alio,
791 2077 929 2117 filium
962 2077 988 2118 a

187 2136 312 2182 patre
356 2132 556 2184 genitum
604 2147 611 2172 :
659 2134 792 2174 deum
834 2149 986 2176 verum

187 2188 242 2227 de
271 2189 357 2229 deo
388 2203 491 2230 vero
525 2206 532 2230 :
565 2189 713 2231 lumen
746 2206 898 2233 verum
931 2195 986 2235 de

187 2245 352 2287 lumine
385 2261 490 2287 vero
528 2263 536 2288 :
572 2262 661 2289 non
704 2256 855 2291 tamen
897 2252 985 2293 duo

185 2303 353 2345 lumina
385 2304 456 2346 sed
488 2320 624 2346 vnum
658 2306 819 2349 lumen.
883 2310 986 2351 Cre-

185 2362 331 2402 dimus
354 2362 550 2416 spiritum
574 2363 771 2406 sanctum
804 2365 830 2407 a
859 2374 986 2420 patre

184 2425 228 2459 et
257 2419 347 2460 filio
377 2422 606 2474 aequaliter
636 2425 952 2476 procedentem
977 2442 984 2467 :

182 2478 595 2520 consubstantialem
632 2487 676 2521 et
712 2489 981 2525 coaeternum

182 2536 297 2588 patri
331 2542 375 2576 et
406 2536 509 2577 filio.
574 2538 704 2579 Pater
734 2540 795 2580 est
826 2541 982 2593 plenus

184 2594 292 2633 deus
324 2594 367 2633 in
401 2594 452 2642 se,
481 2594 596 2636 filius
628 2596 784 2649 plenus
816 2600 925 2640 deus
957 2600 982 2641 a

182 2657 308 2703 patre
350 2652 525 2704 genitus
558 2668 565 2693 :
598 2654 771 2707 spiritus
808 2656 981 2698 sanguis

181 2708 338 2761 plenus
390 2710 497 2749 deus
550 2710 575 2751 a
625 2719 751 2764 patre
796 2720 840 2754 et
891 2715 981 2756 filio

181 2767 434 2819 procedens.
518 2769 620 2809 Non
686 2776 835 2812 tamen
894 2779 980 2815 tres

252 2885 262 2906 ¹
289 2885 376 2919 vide
395 2897 426 2929 p.
450 2894 501 2927 71.

250 2931 263 2952 2
289 2931 353 2976 [iii.
378 2932 540 2978 14—29.]

250 2979 263 3001 3
292 2980 354 3014 Ca.
378 2988 394 3024 5
416 2980 455 3013 ias
475 2992 520 3015 m.
541 2980 588 3026 [v.
613 2992 718 3017 1—21
743 2983 790 3028 a.]

1066 242 1173 284 deos
1215 246 1414 299 dicimus,
1452 249 1524 291 sed
1562 264 1696 292 vnum
1733 251 1866 292 deum

1066 303 1420 356 omnipotentem
1454 324 1462 349 :
1493 315 1707 349 aeternum
1752 322 1760 350 :
1803 310 1867 348 in-

1066 360 1277 402 uifibilem
1294 379 1301 403 :
1317 364 1735 407 incommutabilem.
1777 366 1866 419 Qui

1066 424 1187 459 totus
1228 421 1391 475 vbique
1433 423 1503 473 est,
1541 430 1662 464 totus
1702 425 1865 477 vbique

1066 477 1254 528 praesens
1278 495 1286 519 :
1308 494 1397 520 non
1419 495 1498 533 per
1525 488 1672 534 partes
1701 482 1865 523 diuisus

1067 534 1138 574 sed
1165 541 1286 577 totus
1308 538 1351 577 in
1379 540 1587 579 omnibus
1615 540 1721 580 locis
1745 556 1753 581 :
1775 553 1863 580 non

1066 592 1275 644 localiter,
1304 595 1374 636 sed
1401 598 1725 649 potentialiter„
1777 597 1866 650 Qui

1067 650 1153 691 sine
1212 654 1459 695 mutatione
1511 655 1572 694 sui
1634 656 1866 696 mutabilia

1067 707 1226 750 cuneta
1263 712 1428 752 creauit
1470 728 1477 753 :
1519 718 1563 753 et
1599 719 1746 754 creata
1786 727 1866 766 gu-

1066 766 1223 808 bernat
1263 782 1271 808 :
1309 769 1478 822 semper
1518 784 1702 811 manens
1745 771 1865 824 quod

1067 826 1137 866 est.
1201 827 1282 868 Cui
1305 828 1413 868 nihil
1443 829 1646 869 accidens
1676 829 1759 869 esse
1788 843 1865 882 po-

1066 885 1168 925 terit
1208 900 1216 926 ;
1254 887 1358 939 quia
1400 886 1581 940 simplici
1618 887 1863 927 diuinitatis

1066 949 1236 983 naturae
1288 959 1297 985 :
1348 944 1407 984 nil
1459 945 1563 985 addi
1611 945 1681 986 vel
1727 945 1865 986 minui

1065 1002 1207 1054 potest
1253 1018 1261 1043 :
1301 1003 1405 1056 quia
1446 1003 1616 1056 semper
1648 1003 1709 1044 est
1744 1003 1866 1056 quod

1065 1059 1136 1100 est.
1209 1059 1291 1101 Cui
1343 1061 1569 1114 proprium
1622 1061 1682 1101 est
1736 1075 1744 1102 :
1796 1061 1865 1101 cui

1065 1117 1376 1171 sempiternum
1409 1119 1469 1159 est
1503 1135 1510 1160 :
1542 1119 1609 1159 cui
1651 1120 1769 1160 idem
1805 1119 1866 1160 est

1065 1176 1149 1216 esse
1173 1192 1181 1216 ε
1205 1177 1352 1217 viuere
1375 1193 1383 1217 :
1412 1183 1456 1218 et
1484 1177 1739 1230 intelligere.
1805 1177 1864 1217 Et

1064 1234 1159 1274 haec
1209 1235 1293 1275 tria
1342 1249 1454 1275 vnus
1505 1236 1626 1284 deus,
1667 1242 1711 1275 et
1751 1249 1865 1275 vnus

1065 1292 1172 1332 deus
1214 1292 1308 1333 haec
1349 1293 1442 1333 tria.
1506 1293 1632 1333 Idem
1675 1294 1783 1334 deus
1820 1299 1865 1334 et

1064 1350 1271 1390 dominus
1325 1367 1332 1392 :
1372 1365 1475 1391 vera
1516 1358 1560 1391 et
1601 1351 1866 1404 sempiterna

1063 1409 1236 1449 trinitas
1286 1409 1329 1448 in
1371 1409 1564 1462 personis
1617 1425 1625 1449 :
1675 1423 1778 1450 vera
1819 1416 1864 1449 et

1063 1466 1326 1520 sempiterna
1348 1468 1493 1507 vnitas
1525 1468 1568 1507 in
1592 1467 1829 1508 substantia
1855 1481 1864 1508 :

1062 1526 1165 1577 quia
1215 1539 1303 1566 vna
1354 1525 1592 1566 substantia
1643 1532 1768 1578 pater
1817 1531 1863 1565 et

1061 1583 1175 1624 filius
1213 1589 1256 1624 et
1299 1583 1470 1636 spiritus
1507 1582 1691 1624 sanctus.
1750 1584 1863 1624 Haec

1060 1656 1164 1681 vero
1195 1642 1350 1682 eadem
1375 1640 1524 1682 san&a
1552 1642 1725 1682 trinitas
1757 1657 1765 1682 :
1799 1642 1863 1681 ni-

1060 1699 1121 1739 hil
1153 1701 1294 1740 maius
1327 1699 1387 1740 est
1419 1700 1462 1739 in
1494 1700 1635 1740 tribus
1666 1700 1860 1753 personis

1060 1757 1182 1797 simul
1213 1757 1452 1798 nominatis
1483 1773 1492 1798 :
1525 1772 1659 1811 quam
1697 1759 1741 1798 in
1772 1772 1860 1798 vna

1059 1816 1255 1868 qualibet
1304 1816 1487 1868 persona
1529 1816 1659 1856 semel
1700 1830 1779 1869 per
1820 1816 1860 1857 se

1059 1872 1179 1913 dicta
1227 1889 1234 1914 :
1271 1874 1373 1926 quia
1409 1888 1495 1914 vna
1532 1888 1719 1927 quaeque
1761 1888 1860 1927 per-

1059 1931 1162 1971 sona
1195 1931 1327 1984 plena
1361 1931 1421 1972 est
1455 1931 1690 1973 substantia
1726 1932 1771 1972 in
1806 1932 1858 1974 se.

1059 1989 1162 2029 Non
1192 1996 1342 2029 tamen
1368 1996 1456 2030 tres
1479 1989 1727 2030 substantiae
1751 2004 1761 2031 z
1785 1990 1856 2031 sed

1058 2061 1168 2087 vnus
1198 2048 1317 2097 deus,
1345 2061 1432 2088 vna
1461 2047 1697 2089 substantia
1733 2064 1741 2089 :
1771 2062 1858 2089 vna

1057 2106 1257 2158 potentia
1275 2121 1282 2145 ε
1301 2119 1387 2145 vna
1406 2105 1585 2146 essentia
1604 2121 1611 2146 :
1630 2120 1716 2147 vna
1730 2113 1857 2147 aeter-

1057 2164 1172 2203 nitas
1217 2177 1225 2204 :
1273 2177 1360 2204 vna
1411 2165 1674 2217 magnitudo
1719 2178 1728 2205 :
1768 2178 1855 2205 vna

1055 2221 1230 2261 bonitas
1261 2236 1269 2261 2
1301 2228 1436 2274 pater,
1461 2228 1503 2262 et
1526 2221 1651 2272 filius,
1670 2228 1713 2263 et
1736 2222 1853 2276 spiri-

1055 2285 1125 2320 tus
1149 2277 1333 2320 sanffitus.

1053 2457 1097 2502 ΕΙ
1122 2454 1254 2494 Faria
1275 2454 1330 2507 zj.
1393 2454 1466 2494 Ex
1492 2454 1852 2498 Deuterouonnffi.

1294 2512 1440 2552 Lech'o
1449 2513 1615 2565 prima.

1142 2602 1306 2642 Tnunc
1317 2602 1792 2657 Israelaudipraecepta
1807 2612 1851 2647 et

1171 2660 1332 2701 iudicia
1354 2674 1454 2713 quae
1476 2675 1560 2713 ego
1582 2662 1722 2702 doceo
1748 2670 1845 2703 te...

1052 2718 1278 2759 Custodite
1310 2718 1445 2771 igitur
1480 2718 1646 2760 solicite
1679 2721 1850 2762 animas

1050 2776 1222 2816 vestras.

1119 2893 1171 2914 Ἠ
1197 2893 1373 2928 homilia:
1393 2895 1436 2928 A.

1120 2941 1133 2962 s>
1162 2942 1224 2975 Ca.
1244 2950 1267 2983 4
1284 2942 1325 2975 in
1343 2952 1392 2975 m.
1415 2939 1476 2986 [iv.
1501 2951 1608 2987 1—15
1632 2941 1680 2987 a.]
