1981 3248
810 157 942 188 FEBR
949 157 1010 189 UA
1016 157 1143 189 RIUS.

141 236 281 277 molor
309 242 353 277 et
381 235 563 288 subigor,
586 241 632 276 vt
659 234 785 288 panis
812 247 937 274 mun-

141 295 221 335 dus
254 294 414 334 efficiar
450 292 629 334 Christo.
695 292 841 332 Passus
879 291 938 331 est

141 359 288 392 autem
326 351 518 391 calendis
554 349 791 401 Februarij,
823 362 939 389 anno

141 409 375 450 vndecimo
398 408 586 448 Traiani.

142 502 186 546 ΙῘ
233 499 489 553 Purz'ficatz'o
538 498 704 539 Marz'oe
752 497 941 551 virginis

383 556 536 609 duplex
556 556 707 596 maius.

257 632 338 672 Ad
355 632 554 685 vesperas.
616 632 831 684 Hymnus.

199 707 301 747 Aue
324 708 453 747 maris
477 705 633 747 stella¹.

463 798 624 839 Oratio.

147 866 493 951 OMnipotens
535 867 794 919 sempiterne
835 867 943 907 deus

266 925 538 965 maiestatem
571 931 694 965 tuam
727 924 941 977 supplices

144 997 398 1023 exoramus:
447 989 494 1023 vt
545 982 650 1022 ficut
691 983 942 1035 vnigenitus

144 1048 244 1081 tuus
286 1041 497 1081 hodierna
535 1040 605 1080 die
646 1054 746 1080 cum
785 1040 940 1080 nostrae

144 1099 284 1138 carnis
325 1098 560 1138 substantia
597 1099 639 1138 in
676 1097 844 1150 templo
883 1097 942 1137 est

144 1156 446 1209 praesentatus:
479 1158 539 1196 ita
564 1170 644 1196 nos
670 1155 804 1195 facias
827 1156 943 1208 puri-

144 1213 283 1254 ficatis
311 1214 390 1254 tibi
421 1213 641 1254 mentibus
673 1213 942 1267 praesentari:

144 1285 221 1325 per
242 1272 440 1312 eundem.
465 1278 543 1312 etc.

179 1378 260 1419 Ad
278 1378 541 1419 matutinum
565 1377 869 1418 imitatorium
877 1375 899 1418 ².

206 1449 321 1488 Ecce
348 1449 468 1488 venit
495 1448 550 1488 ad
579 1446 796 1501 templum
825 1447 942 1487 sanc-

146 1513 240 1547 tum
274 1506 394 1546 suum
434 1506 685 1546 dominator
720 1505 943 1545 dominus:

145 1564 289 1617 gaude
315 1570 357 1604 et
387 1564 535 1603 laetare
567 1563 674 1604 Sion
716 1576 945 1603 occurrens

147 1623 231 1662 deo
254 1628 341 1662 tuo.

432 1697 646 1748 Hymnus.

210 1763 248 1805 O
273 1763 459 1817 gloriosa
481 1764 663 1804 domina
686 1762 786 1804 etc.3

190 1865 332 1905 Lario
353 1865 427 1918 ‚z'z'JI
448 1879 499 1904 ex
517 1865 651 1917 capite
670 1877 718 1906 .2.
741 1863 897 1906 Lucoe4.

158 1940 278 2021 ET
296 1939 526 1992 postquam
546 1939 714 1992 impleti
738 1939 833 1980 sunt
856 1940 949 1980 dies

242 1997 516 2050 purgationis
539 1998 645 2037 eius,
658 1997 864 2037 ..Lumen
892 1998 947 2038 ad

152 2054 465 2095 reuelationem
481 2055 693 2107 gentium,
706 2061 748 2095 et
763 2055 948 2108 gloriam

152 2112 293 2165 plebis
318 2118 406 2152 tuae
432 2112 576 2152 Israel.

224 2205 268 2250 11
292 2203 464 2256 Blassus
484 2203 690 2257 episcopas
712 2211 889 2256 martyr.

382 2261 527 2301 Leffz'o
550 2261 703 2302 tertia?

165 2329 384 2410 BLafius
433 2343 531 2369 cum
587 2329 811 2378 Sebastiae,
851 2344 950 2384 quae

254 2387 406 2426 ciuitas
430 2387 488 2427 est
508 2386 816 2440 Cappadociae,
834 2388 950 2428 sanc-

153 2445 337 2485 timonia
379 2444 572 2497 polleret,
610 2444 772 2485 eleftus
810 2445 890 2485 est⁶
927 2444 951 2485 a

156 2501 395 2542 christianis
418 2502 609 2542 eiusdem
633 2503 822 2542 ciuitatis
845 2503 952 2556 epis-

156 2573 291 2612 copus
348 2559 625 2599 Diocletiano
677 2561 950 2613 imperatore.

159 2617 247 2658 Sed
282 2617 580 2669 persecutione
617 2619 658 2657 in
697 2618 950 2658 christianos

157 2674 445 2714 inualescente
475 2675 516 2714 in
541 2674 789 2727 speluncam
814 2676 951 2728 Argei

228 2831 238 2852 ¹
265 2837 331 2865 etc.
352 2832 433 2865 add.
452 2833 494 2865 R.
514 2833 550 2865 P.
579 2838 646 2867 etc.
663 2832 722 2867 fol.
737 2833 795 2867 vlt.
815 2832 897 2866 add.
914 2833 955 2866 A.

227 2879 240 2898 ²
266 2879 325 2911 die
350 2888 379 2921 3.
401 2879 439 2912 in
459 2891 503 2912 m.
526 2880 566 2912 V.
585 2882 658 2923 per
681 2891 852 2913 errorem.
905 2890 923 2913 2
947 2889 952 2910 ῑ

162 2925 201 2958 R.
225 2926 262 2958 Ρ.
282 2925 324 2958 Α.

227 2971 239 2991 3
253 2971 352 3015 solio
372 2972 543 3017 vtsupra
563 2983 573 3006 :
593 2972 674 3006 add.
696 2974 738 3007 A.

278 3040 310 3069 13.
331 3039 369 3069 N.

1732 149 1806 190 113

1009 233 1141 274 vicini
1195 232 1358 273 montis
1409 231 1618 284 confugit,
1661 231 1808 283 ibique

1010 297 1102 331 tam
1126 291 1199 331 diu
1224 290 1363 337 latuit,
1383 291 1523 330 donec
1545 290 1600 330 ab
1623 289 1809 341 Agrico-

1008 348 1065 388 lai
1088 348 1264 401 presidis
1287 347 1498 388 militibus
1521 347 1564 387 in
1588 360 1639 387 eo
1658 351 1808 386 monte

1009 405 1271 446 venantibus
1308 405 1368 446 est
1404 410 1611 457 repertus.
1674 403 1809 444 Cuius

1010 463 1201 516 praefidis
1240 463 1346 503 iussu
1382 469 1549 515 captus,
1578 467 1622 502 et
1648 461 1690 501 in
1717 460 1808 501 vin-

1008 521 1105 562 cula
1156 519 1379 561 coniec‘tus
1421 520 1492 570 est,
1533 525 1666 572 atque
1708 518 1810 558 inde

1010 578 1173 619 multos
1196 584 1475 632 aegrotantes,
1496 578 1569 630 qui
1592 578 1647 617 ad
1672 576 1809 629 ipsum

1011 636 1318 685 afferebantur,
1350 636 1529 676 sanauit.
1592 634 1651 675 Et
1678 635 1721 673 in
1743 633 1810 673 his

1009 708 1193 747 puerum
1216 694 1303 734 iam
1327 693 1665 737 conclamatum,
1690 691 1811 744 spina

1012 751 1321 805 strangulante,
1357 765 1456 804 quae
1493 749 1731 791 transuersa
1768 749 1811 788 in

1013 816 1190 862 gutture
1232 809 1360 862 ipfius
1395 808 1634 848 inhaeserat.
1709 807 1812 846 Pro-

1014 866 1171 908 du&us
1206 873 1355 907 autem
1387 866 1550 906 Blaslus
1585 866 1640 906 ad
1672 864 1812 918 praefi-

1014 926 1113 965 dem
1148 924 1277 965 semel
1311 931 1353 965 et
1387 924 1556 973 iterum,
1591 937 1690 963 cum
1728 922 1812 975 dijs

1014 982 1250 1023 sacrificare
1277 982 1489 1030 renuisset,
1513 982 1703 1035 primum
1729 981 1812 1020 vir-

1012 1041 1078 1093 gis
1102 1040 1234 1081 caesus
1257 1040 1329 1089 est,
1351 1040 1511 1080 deinde
1539 1039 1687 1079 ferreis
1715 1052 1813 1091 pec-

1012 1098 1175 1139 tinibus
1199 1099 1241 1138 in
1261 1097 1410 1138 eculeo
1429 1097 1633 1147 laniatus,
1652 1096 1814 1149 postre-

1015 1170 1087 1196 mo
1110 1157 1254 1209 capite
1277 1155 1435 1209 plexus
1458 1155 1668 1208 martyrio
1691 1168 1813 1194 coro-

1014 1220 1143 1255 natur
1165 1214 1233 1267 .iij.
1257 1227 1396 1254 nonas
1421 1212 1658 1265 Februarij.

1015 1331 1058 1376 (I
1074 1331 1252 1372 Plcz'leas
1267 1331 1470 1383 epzscopus
1485 1336 1526 1370 et
1539 1329 1816 1370 philoromus

1131 1395 1350 1441 772a7fz‘yl7fes.
1412 1387 1556 1428 Lec‘Zio
1579 1385 1680 1440 .2'4'j⁷.

1102 1462 1257 1504 Hileas
1320 1463 1456 1503 nobili
1522 1462 1618 1503 loco
1686 1468 1814 1502 natus

1119 1521 1305 1561 Thmuis
1334 1521 1440 1561 vrbe
1466 1521 1667 1573 Aegypti
1694 1533 1815 1573 egre—

1016 1580 1087 1632 gie
1116 1578 1370 1619 liberalibus
1403 1578 1639 1631 disciplinis
1673 1577 1814 1618 erudi-

1017 1644 1098 1686 tus,
1125 1643 1168 1677 et
1200 1637 1371 1689 magnis
1403 1636 1641 1676 honoribus
1675 1636 1717 1675 in
1751 1649 1814 1675 re-

1018 1694 1193 1747 publica
1218 1695 1421 1734 Romana
1443 1692 1629 1742 funffhis,
1651 1708 1751 1734 cum
1775 1693 1815 1733 se

1019 1758 1162 1792 totum
1194 1753 1248 1792 ad
1277 1766 1425 1792 veram
1451 1751 1605 1793 Christi
1629 1751 1815 1804 philoso-

1016 1810 1166 1863 phiam
1189 1810 1459 1858 traduxisset,
1477 1816 1655 1863 propter
1678 1809 1817 1849 multa

1017 1868 1294 1916 documenta,
1323 1874 1366 1908 et
1401 1868 1626 1920 ingentem
1662 1865 1817 1907 sancffti-

1018 1927 1121 1966 tatis
1173 1926 1265 1965 eius
1316 1926 1591 1978 opinionem:
1654 1938 1816 1977 magno

1021 1983 1193 2024 suorum
1224 1984 1385 2024 ciuium
1419 1982 1624 2023 consensu
1655 1982 1816 2035 episco-

1021 2056 1102 2094 pus
1136 2041 1331 2082 efficitur.
1394 2041 1496 2094 Quo
1526 2054 1705 2080 munere
1741 2053 1818 2093 per

1020 2113 1160 2139 annos
1176 2099 1342 2152 aliquot
1361 2096 1614 2138 san<fflsfime
1630 2096 1816 2145 funcfftus,

1021 2158 1200 2196 demum
1224 2156 1299 2196 sub
1327 2156 1605 2196 Diocletiano
1633 2156 1819 2208 impera-

1021 2221 1114 2254 tore
1137 2215 1179 2254 in
1198 2214 1370 2254 vincula
1393 2211 1615 2253 comestus
1639 2212 1715 2252 est:
1746 2212 1818 2252 vbi

1023 2272 1248 2324 egregium
1300 2271 1457 2311 librum
1510 2271 1564 2310 de
1616 2270 1818 2310 laudibus

1021 2336 1263 2382 martyrum
1286 2328 1539 2381 conscripsit.
1604 2327 1690 2380 Qui
1713 2327 1819 2367 flen-

1022 2387 1138 2427 tibus
1161 2387 1430 2439 propinquis,
1449 2400 1497 2425 ac
1522 2385 1821 2425 miserabiliter

1023 2444 1361 2497 deprecantibus
1404 2457 1457 2483 ne
1496 2443 1536 2482 se
1578 2442 1819 2495 liberosque

1022 2502 1130 2550 suos,
1158 2508 1200 2542 et
1226 2501 1439 2541 familiam
1469 2501 1688 2553 perditum
1721 2500 1823 2540 iret:

1025 2560 1165 2599 nullos
1196 2559 1235 2599 se
1266 2560 1540 2611 propinquos
1569 2558 1729 2598 habere
1758 2571 1821 2597 re-

1025 2617 1201 2670 spondit
1247 2616 1319 2656 nisi
1363 2616 1582 2668 apostolos
1624 2622 1667 2655 et
1710 2629 1822 2655 mar-

1024 2682 1142 2727 tyres
1161 2674 1242 2715 dei.
1284 2674 1352 2713 Ita
1371 2687 1471 2713 cum
1495 2687 1637 2726 neque
1655 2673 1823 2721 horum,

1099 2831 1112 2852 4
1137 2832 1170 2865 ii.
1193 2841 1340 2875 22-32.

1098 2879 1111 2899 ‘³
1136 2879 1195 2912 die
1214 2888 1256 2921 .3.
1278 2879 1317 2911 in
1337 2889 1382 2911 m.

1095 2926 1108 2945 ‘⁵
1133 2926 1183 2960 est
1207 2937 1213 2959 z
1232 2936 1299 2958 om.
1322 2926 1357 2959 P.
1379 2926 1421 2958 A.

1097 2973 1107 2994 ⁷
1136 2972 1195 3006 die
1216 2981 1258 3013 .4.
1280 2973 1318 3004 in
1339 2983 1384 3005 m.
