1981 3248
812 131 842 161 Α
854 128 1088 162 UGUSTUS.

125 210 182 250 ris
208 210 268 250 est
296 210 538 263 antiquata,
559 215 602 251 et
632 210 855 257 sancitum,
876 214 924 249 vt

125 280 267 320 neque
299 268 341 307 in
375 268 522 320 ligneo
555 274 736 321 propter
771 267 922 307 rarita-

125 330 227 372 tem,
261 338 348 377 qua
385 325 706 365 sacramentum
739 325 923 365 imbibe-

125 380 274 430 retur¹,
308 396 451 435 neque
489 383 531 423 in
567 383 707 423 vitreo
744 388 924 435 propter

124 439 419 492 fragilitatem,
456 454 598 493 neque
639 455 696 480 ex
738 454 823 480 aere
865 440 922 479 ob

123 502 285 537 tetrum
316 497 523 550 saporem,
551 499 625 550 qui
654 512 711 538 ex
742 511 794 538 eo
822 511 924 537 con-

123 554 320 603 trahitur,
351 555 422 595 sed
456 570 513 595 ex
546 570 650 595 auro
684 561 923 608 argentone

124 618 199 651 aut
222 612 375 652 stanno
397 612 533 661 fieret,
557 614 682 653 Idem
710 618 924 666 praeterea

123 669 321 718 instituit,
337 677 384 710 vt
407 684 560 711 omnes
582 671 798 711 christiani
821 684 921 710 cum

123 727 179 767 ad
203 727 446 779 pubertatis
465 742 602 768 annos
620 728 922 781 peruenissent,

123 784 299 836 singulis
349 786 475 825 annis
532 787 575 826 in
632 786 795 825 solenni
852 786 923 826 die

122 841 294 894 paschae
328 843 501 895 publice
533 844 921 883 communicarent.

125 899 237 940 Cum
257 906 404 940 autem
422 901 589 941 sedisset
605 915 743 941 annos
759 915 920 941 nouem

122 957 291 997 menses
313 958 477 1011 septem
500 959 593 999 dies
612 960 764 999 decem
783 959 922 1011 impe-

123 1020 267 1054 ratore
295 1015 461 1056 Seuero
491 1017 685 1065 moritur,
709 1030 760 1056 ac
786 1017 829 1056 in
851 1017 921 1056 via

121 1071 275 1125 Appia
298 1073 512 1126 sepelitur,
527 1087 613 1114 non
634 1074 765 1126 longe
788 1088 813 1114 a
835 1088 921 1114 coe-

122 1130 305 1170 meterio
329 1131 476 1172 Calisti
500 1131 685 1185 septimo
714 1131 921 1172 calendas

123 1187 411 1240 Septembris.

121 1281 165 1326 01
189 1278 461 1334 Augustinus
491 1280 694 1334 episcopus
724 1281 925 1334 confessor

347 1338 499 1391 duplex
519 1339 665 1379 miuus
671 1338 695 1381 ⁴².

444 1413 607 1455 Oratio.

120 1488 318 1570 ADesto
346 1488 736 1541 supplicationibus
768 1489 920 1529 nostris

233 1546 515 1599 omnipotens
538 1546 645 1586 deus
669 1562 676 1586 :
699 1552 742 1586 et
764 1547 921 1599 quibus

121 1603 327 1644 fiduciam
371 1604 595 1656 sperandae
638 1605 816 1657 pietatis
858 1606 921 1644 in-

120 1661 288 1714 dulges,
333 1662 631 1702 intercedente
673 1662 804 1702 beato
845 1676 921 1702 au-

119 1719 290 1772 gustino
314 1719 550 1759 confessore
568 1726 643 1759 tuo
662 1725 795 1772 atque
812 1734 921 1772 pon-

118 1776 248 1825 tifice,
317 1776 534 1817 consuetae
614 1777 920 1818 misericordiae

120 1835 263 1875 tribue
286 1834 501 1888 benignus
524 1832 728 1875 effectum
753 1850 759 1874 :
782 1849 871 1888 per.

398 1925 543 1965 Lech'o
566 1925 640 1977 aij.

179 1999 418 2053 Vgustinus
450 1999 655 2052 Tagastae
686 1999 825 2052 (quod
861 2000 920 2040 est

233 2058 448 2110 oppidum
472 2058 515 2097 in
538 2056 710 2109 Africa)
730 2057 920 2098 honestis

119 2115 375 2167 parentibus
417 2121 548 2163 ortus,
591 2116 790 2155 omnium
833 2115 921 2156 fere

121 2172 292 2212 suorum
349 2172 584 2225 aequalium
643 2171 920 2222 dotfftisslmus,

121 2229 191 2269 sed
216 2230 257 2269 in
282 2229 575 2270 adolescentia
597 2229 838 2270 christianae
856 2244 920 2270 re-

121 2286 271 2339 ligioni
294 2287 461 2327 alienus
486 2287 789 2327 Mediolanum
817 2301 920 2327 con-

120 2344 273 2385 tendit.
303 2344 390 2385 Vbi
406 2358 505 2384 cum
521 2343 717 2384 sanetum
729 2345 920 2385 Ambro-

120 2401 226 2441 sium
242 2402 295 2442 ad
314 2402 526 2454 populum
537 2402 918 2455 dereligionecon-

120 2458 392 2499 cionantern3
430 2460 680 2512 frequenter
724 2460 918 2509 audisset,

121 2517 304 2569 priuatis
342 2530 518 2570 quoque
555 2517 784 2570 colloquijs
827 2519 919 2557 eius

120 2575 329 2622 eruditus,
358 2580 401 2614 et
436 2575 667 2615 conuersus
702 2576 919 2628 trigesimo

121 2631 206 2671 suae
238 2632 381 2672 aetatis
414 2645 529 2672 anno
562 2632 617 2672 ab
649 2633 805 2673 eodem
838 2633 920 2674 fuit

119 2689 379 2741 baptizatus.
459 2689 590 2730 Vnde
641 2691 833 2730 reuersus
876 2692 918 2731 in

119 2746 318 2787 Africam
347 2747 685 2788 christianissime
719 2761 769 2788 ac
802 2748 919 2788 sanc-

191 2836 198 2856 ¹
229 2837 427 2871 imbibetur
453 2850 458 2871 :
480 2839 516 2872 1³.

190 2882 202 2902 ²
229 2883 288 2917 die
309 2885 350 2918 28
370 2885 409 2918 in
429 2896 474 2919 m.

190 2930 202 2950 ³
229 2931 473 2966 concionante
499 2933 567 2965 23..

1718 129 1791 171 151

992 207 1306 247 tisfimeviuens
1322 208 1535 249 aValerio
1545 208 1637 249 viro
1647 209 1795 250 sancto

991 264 1248 317 hipponensi
1308 265 1511 318 episcopo
1568 267 1795 320 presbyter

992 320 1146 371 saffirus,
1157 322 1467 363 monasterium
1482 324 1682 364 condidit
1698 324 1794 364 reli-

991 379 1208 432 giosorum
1223 379 1464 429 hominum,
1479 394 1588 433 quos
1603 382 1676 434 pia
1690 383 1793 422 doc-

991 437 1106 476 trina
1135 443 1179 477 et
1204 438 1436 490 praeceptis
1459 438 1705 491 apostolicis
1728 440 1791 479 in-

992 492 1208 536 stituebat.
1253 495 1312 535 Et
1334 509 1433 535 cum
1452 509 1530 548 per
1550 496 1593 536 id
1617 502 1792 549 tempus

993 552 1327 592 Manicheorum
1343 553 1525 602 haerefis,
1540 553 1583 593 in
1599 567 1686 606 qua
1704 555 1791 607 ipse

992 609 1145 658 fuerat,
1173 610 1362 650 multum
1395 611 1652 660 inualuisset‚
1674 625 1792 651 acer-

992 666 1122 707 rime4
1164 668 1207 708 in
1252 681 1350 708 eam
1395 682 1496 708 cum
1544 669 1790 709 Fortunato

990 724 1296 765 haereticorum
1320 725 1515 778 principe
1538 726 1791 780 complures

990 783 1084 822 dies
1107 783 1360 835 disputauit,
1383 784 1662 836 eundemque
1691 798 1791 824 con-

990 840 1106 881 uicit.
1168 840 1341 893 Quibus
1368 841 1496 881 rebus
1520 840 1677 882 duetus
1700 842 1792 882 Va-

991 897 1120 938 lerius
1149 898 1388 951 episcopus,
1412 897 1529 939 sacta
1557 899 1632 939 fibi
1663 901 1791 952 copia

989 969 1015 995 a
1051 956 1239 1008 primate
1275 956 1577 1009 episcoporum
1619 957 1790 998 cartha-

989 1013 1166 1065 ginenfi,
1200 1013 1497 1066 Augustinum
1532 1014 1576 1054 in
1613 1015 1793 1055 societa-

989 1077 1080 1110 tem
1103 1070 1163 1111 sui
1186 1071 1463 1124 episcopatus
1486 1072 1645 1113 asciuit.
1691 1072 1794 1125 Qua

990 1142 1094 1168 cura
1128 1128 1324 1181 suscepta
1356 1129 1630 1182 Augustinus
1667 1136 1793 1171 tanto

990 1185 1131 1226 studio
1153 1186 1358 1239 cuiusque
1376 1188 1547 1239 generis
1564 1187 1793 1228 haereticos

990 1241 1223 1284 insectatus
1245 1244 1316 1292 est,
1333 1250 1380 1284 vt
1402 1245 1561 1297 partim
1586 1245 1793 1294 sermone,

990 1302 1149 1354 partim
1182 1301 1302 1341 libris
1333 1303 1472 1351 editis,
1503 1308 1644 1343 totam
1674 1303 1793 1343 Afri-

991 1372 1088 1398 cam
1118 1373 1143 1398 a
1170 1359 1517 1409 Manicheorum,
1541 1361 1794 1401 Donatista-

991 1430 1099 1464 rum,
1123 1416 1549 1470 Pelagionorumque
1577 1418 1792 1458 erroribus

991 1475 1316 1527 expurgauerit.
1375 1475 1552 1528 Scripsit
1574 1476 1706 1516 libros
1729 1477 1793 1516 in-

991 1532 1294 1581 numerabiles,
1338 1532 1394 1572 ad
1443 1533 1700 1586 religionem
1750 1539 1793 1574 et

991 1589 1206 1629 sacrarum
1230 1589 1536 1642 scripturarum
1560 1591 1794 1644 expositio-

990 1660 1090 1686 nem
1123 1648 1402 1700 pertinentes,
1436 1654 1560 1689 tanta
1592 1647 1793 1689 do5‘ffina

989 1710 1033 1744 et
1055 1705 1230 1757 pietate,
1253 1711 1300 1745 vt
1323 1705 1468 1745 nullus
1499 1719 1641 1760 neque
1671 1706 1794 1747 Grae-

988 1776 1139 1802 corum
1167 1776 1309 1815 neque
1338 1762 1572 1804 latinorum
1602 1763 1794 1804 christia-

990 1833 1094 1859 nam
1132 1819 1453 1873 philosophiam
1496 1821 1637 1874 magis
1680 1821 1794 1862 illus-

989 1879 1182 1918 trauerit.
1244 1878 1297 1918 In
1320 1891 1407 1930 quo
1430 1878 1571 1919 studio
1593 1893 1693 1919 cum
1716 1893 1793 1919 an-

990 1948 1094 1975 num
1111 1936 1413 1988 ageretaetatis
1429 1936 1792 1989 septuagesimum

990 1992 1163 2033 sextum
1187 2007 1212 2033 a
1234 1994 1324 2033 vita
1347 1994 1554 2046 migrauit
1576 2009 1624 2035 .v.
1647 1995 1792 2034 calen-

990 2051 1069 2090 das
1129 2051 1405 2103 Septembris
1461 2065 1578 2092 anno
1636 2051 1792 2092 Christi

990 2108 1081 2148 nati
1133 2107 1351 2149 .cchXX.⁵
1402 2109 1536 2161 idque
1591 2109 1793 2162 Hipponi

989 2165 1206 2205 Vandalis
1239 2179 1337 2205 eam
1370 2166 1522 2206 vrbem
1556 2166 1793 2207 obsidenti-

990 2222 1081 2263 bus.

990 2314 1034 2359 ΕΙ
1059 2312 1293 2353 Decollutio
1304 2313 1453 2365 fizuc‘Jz'
1476 2314 1656 2354 Iouuuz's
1682 2314 1795 2367 Bap-

1047 2370 1153 2423 27·stoe
1172 2371 1325 2422 duplex
1347 2371 1489 2411 maius
1516 2371 1581 2411 cul
1606 2372 1796 2425 veſjwras

1046 2434 1087 2467 et
1114 2428 1379 2468 maluliuum
1409 2428 1584 2480 [symm
1611 2436 1650 2469 ct
1680 2429 1794 2470 iuui-

1048 2485 1255 2525 latorz'um
1304 2486 1356 2525 de
1405 2487 1622 2527 communi
1667 2487 1796 2527 vuius

1048 2543 1266 2595 martyris.

1316 2616 1475 2658 Oratio.

994 2689 1200 2774 ΞΑηξὶί
1256 2692 1437 2732 Ioannis
1493 2692 1694 2746 baptistce
1751 2700 1794 2735 et

1093 2749 1299 2802 martyris
1331 2750 1393 2789 tui
1432 2750 1680 2803 quaesumus
1717 2751 1794 2791 do-

1065 2838 1076 2860 4
1104 2840 1322 2874 acerrissune
1348 2853 1353 2874 z
1376 2841 1412 2874 P.

1107 2898 1272 2921 ccccxxx.
1300 2898 1305 2919 z
1330 2888 1369 2920 R.
1394 2889 1428 2921 Ι).
1447 2887 1488 2921 Λ.
