1981 3248
763 159 1058 190 DECEMBER.

136 239 280 279 Leotz'o
302 239 373 292 jis.
385 237 621 290 secundnm
646 234 843 277 anam¹.

138 318 323 360 Factum
362 319 421 359 est
460 324 608 359 autem
642 317 686 358 in
723 316 877 358 diebus

79 376 161 417 illis
176 377 295 429 ,exijt
317 375 509 417 edffimm
532 382 611 417 etc.
669 381 789 415 carta
812 376 876 425 84.

137 452 182 497 CI
214 450 269 490 H
267 450 305 490 z‘s
335 450 473 490 tribus
491 448 763 502 sequentibus
792 447 877 488 die-

79 508 155 548 bns
176 508 292 548 7227227
306 508 480 561 penitus
506 507 669 547 dicitur
692 506 744 546 de
762 506 876 546 nati-

79 565 223 614 m'tate,
264 566 367 618 qm'a
392 565 503 617 sunt
528 564 644 618 festa
678 563 875 617 duplicia,

66 623 296 677 sedpostea
317 623 441 676 vsqzoe
461 623 524 662 ad
539 622 875 674 cz‘rcmzcz‘stonem

77 681 230 733 agitur
262 681 442 734 officinm
482 680 533 720 de
566 680 805 726 natz'ztz'tate,
838 685 878 719 et

67 739 182 792 festa
191 738 409 792 ſsmplicia
426 738 599 779 interim
616 737 874 778 occurrentia

79 796 289 837 habebunt
322 802 492 836 tantum
530 795 703 836 tertiam
739 795 874 835 [efflo-

79 868 183 894 nem.

138 929 182 974 ΕΙ
209 926 451 980 Stephanus
461 933 764 980 protomartyr.
798 925 877 965 da-

67 985 173 1038 plex
216 985 371 1026 minus.
412 984 487 1024 ltoc
523 984 687 1038 festum
727 997 876 1037 quam-

82 1043 150 1083 uis
167 1043 232 1095 stt
260 1042 421 1095 duplex,
449 1056 520 1082 nec
547 1042 673 1082 [tabet
690 1042 875 1094 primas,

79 1114 150 1140 nec
157 1101 367 1152 secundas
388 1100 587 1153 vesperem,
607 1099 709 1153 quia
722 1099 882 1152 primoe

79 1158 284 1199 dz'cmzmr
322 1158 372 1198 de
412 1157 652 1208 natiuitate,
683 1157 881 1210 secundae

80 1216 292 1268 desanito
311 1216 481 1256 Ioanne.

95 1316 139 1360 ΕΙ
165 1313 244 1352 Ad
261 1312 526 1352 matutinum
550 1311 866 1352 innitatorz'nm.

140 1387 356 1429 Christum
394 1392 559 1435 natum,
593 1386 667 1438 qui
699 1385 878 1426 beatum

81 1445 212 1486 hodie
241 1445 469 1485 coronauit
493 1444 784 1497 Stephanum,
808 1457 878 1484 ve—

83 1504 173 1544 nite
196 1503 441 1543 adoremus.

346 1593 490 1634 Lec‘t’z‘o
512 1592 604 1647 .2'‘2'J2.

88 1669 394 1753 STephanus
410 1682 519 1708 vnus
534 1682 591 1708 ex
610 1668 773 1721 septem
789 1668 881 1709 dia-

185 1728 315 1775 conis,
349 1727 422 1779 qui
458 1732 636 1779 propter
668 1726 800 1766 fidem
838 1732 882 1766 et

83 1785 340 1838 sapientiam
376 1784 550 1824 fuerunt
582 1784 638 1824 ab
674 1783 881 1836 apostolis

83 1841 221 1892 eleeti,
255 1842 410 1895 plenus
444 1842 585 1895 gratia
626 1847 669 1881 et
711 1841 881 1882 fortitu-

82 1902 184 1941 dine
199 1900 357 1941 edebat
372 1913 517 1939 coram
536 1898 700 1952 populo
718 1912 881 1952 magna

87 1958 304 1998 miracula.
349 1957 514 1998 Contra
536 1970 667 2009 quem
692 1970 791 1996 cum
815 1957 880 2008 sy-

85 2030 282 2069 nagogae,
322 2028 420 2068 quae
453 2015 682 2055 dicebatur
718 2014 880 2054 liberti-

87 2087 241 2114 norum
265 2079 307 2113 et
337 2072 634 2125 cyrenensium
665 2085 715 2112 ac
738 2071 879 2112 Alex-

85 2131 381 2176 andrinorum,
415 2136 458 2169 et
500 2143 663 2178 eorum,
705 2129 779 2181 qui
821 2143 878 2169 ex

88 2189 239 2230 Cilicia
262 2193 473 2228 venerant
496 2193 539 2227 et
561 2186 675 2235 Afia,
699 2187 878 2239 quidam

86 2247 306 2299 disputare
334 2244 571 2297 coepissent,
594 2258 672 2284 nec
701 2245 793 2284 eius
819 2244 880 2284 sa-

87 2304 264 2357 pientiae
307 2316 357 2342 ac
403 2302 579 2354 spiritui,
621 2302 694 2354 qui
732 2301 881 2354 loque-

89 2364 217 2402 batur
267 2359 464 2400 obslstere
515 2359 694 2412 possent,
736 2359 882 2398 subor-

88 2417 267 2459 narunt3
289 2417 512 2471 quosdam,
530 2417 602 2469 qui
627 2416 666 2457 se
689 2417 883 2456 dicerent

90 2476 365 2529 Stephanum
399 2474 560 2515 audisse
594 2488 601 2514 :
629 2488 726 2513 cum
751 2474 883 2514 verba

87 2534 367 2586 blasphemiae
402 2533 444 2572 in
479 2533 610 2572 deum
648 2545 697 2571 ac
732 2531 882 2571 Mosen

89 2591 340 2645 protulisset.
384 2591 540 2642 Itaque
563 2589 690 2642 plebe
708 2603 759 2628 ac
777 2589 884 2628 seni-

88 2649 246 2696 oribus,
270 2655 312 2688 ct
345 2647 488 2687 scribis
518 2648 757 2695 concitatis,
782 2660 884 2686 con-

90 2706 299 2758 cursuque
351 2703 467 2745 fa&o
519 2706 561 2744 in
611 2705 886 2757 Stephanum

92 2777 246 2804 manus
288 2762 487 2814 inijciunt
527 2776 534 2802 z
570 2762 794 2814 ipsumque
832 2762 887 2800 ad

91 2821 319 2861 concilium
374 2819 639 2868 abstrahunt,
682 2819 889 2859 submissis

186 2929 193 2949 ¹
232 2929 316 2962 Vide
333 2940 365 2973 p.
388 2928 440 2962 26.
484 2926 587 2972 [Luc.
608 2926 641 2960 ii.
668 2925 805 2970 1—2o.]

1666 148 1737 187 181

948 234 1060 275 falsis
1083 234 1274 283 testibus,
1290 235 1363 287 qui
1386 234 1582 276 dicerent
1604 237 1741 289 ipsum

948 293 992 332 in
1014 292 1158 332 locum
1182 290 1377 332 sanetum
1409 299 1452 333 et
1480 292 1624 345 legem
1648 294 1742 334 soli-

947 356 1041 390 tum
1065 350 1148 390 esse
1170 350 1446 389 continenter
1472 350 1587 390 male
1610 351 1741 404 loqui,

948 413 991 448 et
1032 407 1248 447 affirmare
1291 407 1432 447 Iesum
1475 421 1742 449 nazarenum

949 465 1091 505 locum
1134 465 1256 505 illum
1298 465 1381 504 esse
1418 465 1742 508 demoliturum.

947 530 990 563 et
1014 537 1167 571 mores,
1190 536 1301 576 quos
1327 522 1469 562 Moses
1491 524 1744 572 tradidisset,

946 586 1230 620 mutaturum.
1293 581 1495 633 Rogatus
1537 581 1668 633 igitur
1718 580 1744 621 a

946 638 1141 691 principe
1173 638 1446 678 sacerdotum
1475 644 1620 678 Vtrum
1642 652 1744 679 vera

945 696 1089 741 essent,
1100 710 1198 748 quae
1214 696 1287 748 ipsi
1303 695 1744 750 obijcerentur,longe

947 754 1133 806 repetita
1185 754 1443 801 narratione,
1497 753 1636 793 multa
1686 756 1741 794 de

947 811 1095 863 figuris
1137 812 1296 851 veteris
1344 810 1602 858 testamenti,
1644 825 1743 864 quse

947 876 1179 909 venturum
1203 868 1406 908 christum
1430 868 1742 921 fignificabant,

948 927 1087 966 multa
1127 926 1259 966 etiam
1298 927 1354 966 de
1390 926 1640 966 Iudaeorum
1683 927 1746 966 in-

948 990 1145 1024 ueterata
1186 984 1379 1037 perfidia,
1415 990 1457 1023 et
1490 985 1746 1037 peruicacia,

948 1056 999 1082 ac
1021 1041 1335 1094 prophetarum
1351 1041 1648 1094 persecutione
1665 1042 1746 1081 dis-

949 1099 1088 1140 seruit.
1117 1099 1289 1152 Quibus
1304 1100 1533 1139 audientes
1550 1100 1608 1139 illi
1624 1113 1746 1152 mag-

949 1171 1112 1211 nopere
1149 1157 1464 1197 cruciabantur.
1529 1156 1744 1209 Spe&ans

949 1229 1078 1268 porro
1101 1216 1143 1254 in
1167 1215 1340 1263 coelum,
1365 1215 1479 1254 Ecce
1503 1214 1600 1266 (ait)
1616 1215 1745 1255 video

949 1273 1083 1313 coelos
1106 1281 1294 1325 apertos,
1316 1279 1359 1312 et
1388 1272 1526 1312 filium
1556 1273 1747 1312 hominis

950 1331 1135 1371 stantem
1173 1330 1198 1370 a
1239 1331 1408 1370 dextris
1449 1331 1621 1370 virtutis
1664 1330 1744 1370 dei.

951 1389 1133 1429 Illivero
1149 1388 1450 1428 exclamantes
1465 1401 1570 1427 voce
1586 1401 1746 1439 magna

949 1447 1301 1498 comprimebant
1318 1459 1442 1485 aures
1461 1446 1565 1491 suas,
1585 1453 1628 1484 et
1646 1459 1745 1485 eum

950 1504 1118 1556 impetu
1142 1502 1257 1543 fa&o
1287 1510 1414 1543 extra
1436 1503 1587 1542 vrbem
1610 1503 1745 1542 eiece-

952 1567 1065 1609 runt,
1087 1567 1130 1601 et
1163 1561 1382 1613 lapidibus
1411 1561 1656 1600 obruebant
1683 1561 1746 1599 in-

952 1625 1186 1659 uocantem
1219 1625 1262 1658 et
1295 1619 1526 1665 dicentem,
1554 1618 1746 1657 Domine

953 1676 1048 1717 Iesu
1066 1676 1226 1729 suscipe
1242 1676 1438 1729 spiritum
1457 1690 1614 1715 meum.
1651 1676 1746 1715 Pos-

953 1741 1095 1775 tremo
1136 1748 1236 1774 curn
1271 1734 1456 1786 genibus
1489 1733 1616 1772 flexis
1662 1733 1748 1773 cla—

951 1792 1104 1832 masset
1134 1805 1241 1832 voce
1275 1805 1447 1843 magna,
1471 1791 1662 1830 Domine
1694 1805 1749 1830 ne

952 1850 1114 1890 statuas
1151 1850 1233 1889 illis
1272 1849 1354 1888 hoc
1390 1856 1633 1901 peccatum,
1667 1849 1748 1888 mi-

950 1908 1094 1961 grauit
1132 1908 1186 1947 ad
1225 1907 1453 1946 dominum
1492 1907 1618 1946 nonis
1653 1906 1748 1946 Au-

949 1965 1070 2018 gusti,
1095 1966 1297 2018 quamuis
1330 1964 1483 2003 festum
1514 1964 1606 2003 eius
1638 1964 1748 2003 cele-

950 2024 1100 2064 bretur
1121 2023 1200 2075 .vij.
1229 2022 1434 2062 calendas
1460 2021 1663 2073 Ianuarij.

1268 2121 1431 2162 Oratio.

1043 2207 1086 2248 Α
1121 2208 1246 2247 nobis
1288 2207 1536 2260 quaesumus
1570 2207 1749 2246 domine

1073 2266 1243 2312 imitari,
1282 2266 1400 2318 quod
1438 2265 1620 2304 colimus
1659 2280 1666 2304 :
1703 2272 1749 2304 vt

951 2323 1167 2364 discamus
1205 2329 1248 2362 et
1286 2323 1485 2362 inimicos
1522 2322 1703 2374 diligere
1742 2337 1751 2363 :

951 2382 1054 2433 quia
1086 2381 1177 2421 eius
1210 2380 1412 2420 natalitia
1443 2380 1715 2419 celebramus
1741 2393 1749 2420 2

952 2440 1026 2492 qui
1054 2438 1175 2478 nouit
1204 2439 1336 2476 etiam
1369 2451 1446 2489 pro
1470 2437 1751 2489 persecutori-

953 2497 1034 2536 bus
1070 2509 1254 2536 exorare
1291 2496 1520 2534 dominum
1558 2494 1749 2534 nostrum

954 2554 1095 2593 Iesum
1136 2552 1352 2592 Christum
1396 2552 1533 2591 filium
1575 2558 1700 2591 tuum
1743 2565 1750 2591 :

953 2611 1026 2664 qui
1051 2617 1196 2651 tecum
1220 2617 1299 2649 etc.

1016 2705 1059 2748 Ἠ
1094 2701 1273 2741 [ommes
1305 2700 1508 2753 apostolus
1547 2707 1587 2739 et
1626 2714 1752 2740 cmm-

950 2759 1112 2812 gelista.
1155 2759 1306 2810 duplex
1344 2758 1494 2798 venias.
1556 2758 1637 2797 Ad
1669 2758 1754 2809 ves—

951 2825 1079 2870 peras
1108 2822 1147 2855 et
1180 2816 1443 2855 malatinam
1476 2815 1678 2868 llymlms
1718 2822 1757 2855 ct

1074 2923 1086 2943 ²
1112 2923 1170 2956 die
1190 2923 1254 2956 .2().
1275 2923 1315 2955 in
1335 2933 1380 2954 m.
1428 2921 1505 2955 Um.
1530 2921 1565 2954 l’.

719 2973 732 2994 ³
758 2974 1050 3007 subornauerunt
1072 2982 1078 3003 ι
1100 2971 1136 3004 P.
