1981 3248
212 149 224 176 Ῑ
238 147 288 188 32
951 148 1140 180 ΙζκἬἹΟἜ.

530 228 691 271 Oratio.
1083 224 1185 267 tu1⁴⁵.
1253 225 1431 279 Scripsit
1468 224 1692 273 nonnulla,
1729 223 1888 277 quibus

1085 343 1189 382 vitae
1208 339 1540 382 sanfflmoniam
1556 340 1736 393 posteris
1752 339 1891 379 mani-

332 359 440 399 deus
475 374 482 399 :
513 364 560 398 vt
592 358 666 410 qui
699 357 817 397 beati
845 355 1016 396 Vrbani

212 417 415 469 martyris
448 416 511 457 tui
545 422 678 469 atque
711 413 932 468 pontificis
955 413 1016 453 so-

212 475 359 515 lennia
382 474 566 515 colimus
590 489 597 513 :
621 474 711 513 eius
735 472 854 525 apud
877 477 921 512 te
952 471 1017 511 in-

210 532 534 573 tercesfionibus
557 531 819 571 adiuuemur
841 545 849 570 :
875 543 962 583 per.

343 633 387 678 ΕῙ
420 630 544 671 Felix
564 637 680 683 papa
712 637 889 682 martyr.

444 739 449 743 1
485 689 631 729 Lefflio
652 687 746 741 ,iz'j¹.

210 757 389 839 FElix
429 758 571 811 patria
604 770 811 797 romanus
844 755 1018 795 Aureli-

312 830 397 856 ano
420 817 686 868 imperatore
708 814 1017 868 pontificatum

212 874 401 927 adeptus
452 874 524 914 est.
588 874 675 913 Hic
728 872 922 921 instituit,
970 878 1019 912 vt

213 939 458 984 martyrum
491 931 702 971 memoria
735 930 911 983 singulis
944 943 1019 969 an-

213 991 280 1030 nis
303 989 520 1041 sacrificijs
554 989 860 1029 celebraretur.
924 988 1019 1027 Nec

214 1048 288 1087 nisi
321 1048 364 1087 in
398 1047 494 1087 loco
527 1047 645 1087 sacro
681 1047 802 1085 missa
837 1059 1019 1098 perage-

214 1112 343 1153 retur,
380 1112 674 1158 praeterquam
718 1110 904 1156 cogente
946 1117 1019 1143 ne-

215 1164 416 1211 cessitate,
458 1162 786 1215 Templumque
819 1162 949 1208 iussit,
992 1161 1019 1200 sl

215 1223 270 1262 de
307 1221 634 1261 consecratione
677 1219 805 1272 ipsius
844 1219 1021 1259 dubita-

216 1286 343 1328 retur,
386 1280 532 1319 denuo
584 1277 834 1317 consecrari.
878 1290 1021 1329 neque

216 1338 332 1377 enim
357 1337 563 1377 iteratum
585 1335 722 1375 videri
746 1335 907 1375 debere
932 1335 1021 1374 dic-

216 1395 353 1444 tabat,
392 1395 511 1447 quod
554 1391 721 1433 saelum
764 1393 847 1432 esse
889 1392 1022 1432 nesci-

216 1459 346 1494 retur.
429 1452 651 1492 Postremo
713 1464 813 1491 cum
877 1450 1022 1490 mense

219 1510 457 1551 Decembri
490 1509 773 1563 presbyteros
816 1508 885 1549 jx.
930 1509 1022 1547 dia-

218 1567 371 1609 eones2
406 1583 453 1609 .v.
490 1567 718 1620 episcopos
749 1581 797 1607 ,κη
832 1567 1021 1612 creasset,

218 1627 430 1678 martyrio
465 1632 702 1666 coronatus
735 1625 806 1664 via
840 1624 1024 1664 Aurelia

219 1684 423 1738 sepelitur
457 1684 524 1737 ,iij.
569 1683 775 1723 calendas
821 1683 932 1734 Iunij
980 1683 1022 1721 in

218 1743 394 1783 basllica
445 1755 580 1795 quam
624 1741 712 1794 ipse
754 1740 1024 1787 condiderat,

221 1808 354 1853 atque
406 1800 644 1840 dicauerat.
706 1798 832 1839 Sedit
875 1805 1023 1838 autem

221 1872 361 1899 annos
384 1858 467 1910 .iiij.
494 1857 663 1897 menses
685 1856 754 1908 ‚iij.
779 1857 872 1895 dies
895 1870 980 1895 .xv.

491 1965 535 2011 G]
568 1963 734 2003 Iunias.

220 2042 264 2087 {I
298 2037 558 2091 Pamphilus
569 2034 825 2089 pmsfbyter³
849 2043 1025 2088 martyr.

468 2095 613 2135 Leffi'o
637 2093 792 2134 tertia&

228 2167 296 2248 P
306 2165 546 2218 Amphilus
588 2164 819 2217 presbyter
862 2162 1029 2203 caesari-

336 2223 443 2264 ensis
472 2229 598 2262 tanto
631 2222 881 2262 diuinorum
904 2221 1026 2260 volu-

222 2282 390 2322 minum
419 2294 568 2321 amore
601 2279 815 2332 flagrauit,
838 2285 883 2318 vt
917 2279 1027 2318 cele-

221 2340 457 2380 berrimam
491 2337 805 2378 bibliothecam
833 2337 1026 2389 vndique

222 2398 392 2437 summo
434 2396 574 2436 studio
614 2394 865 2447 conquisitis
908 2394 1027 2433 libris

226 2455 420 2496 Cesareae
450 2453 742 2494 construxerit
767 2466 774 2492 :
799 2466 1028 2504 magnam-

222 2527 307 2566 que
330 2519 499 2565 partem
525 2511 728 2563 Origenis
747 2523 929 2562 operum
954 2509 1027 2549 sua

225 2584 358 2611 manu
410 2568 690 2621 descripserit.
754 2567 867 2620 Quae
919 2568 1025 2607 Hie-

224 2641 436 2680 ronymus
471 2627 511 2666 se
545 2626 706 2673 vidisse,
738 2639 789 2665 ac
821 2625 1027 2674 habuisse,

224 2686 480 2739 ingentique
512 2684 755 2736 cupiditate
781 2683 898 2736 quasi
931 2683 1026 2722 the-

225 2744 396 2784 saurum
439 2742 630 2794 aliquem
674 2741 866 2788 seruasse,
897 2740 1025 2780 testa-

296 2873 307 2894 1
334 2872 394 2907 die
413 2883 467 2916 30.
487 2873 526 2906 in
546 2884 593 2906 m.

295 2919 308 2940 ‘2
335 2919 513 2953 diaconos
538 2931 544 2953 :
566 2921 606 2952 R.
628 2920 664 2953 P.
682 2920 725 2952 A.

296 2967 309 2987 3
335 2965 526 3011 presbyter
550 2980 555 3001 :
577 2967 622 3000 R.
641 2967 676 3001 P.
692 2968 735 3000 A.

1087 400 1252 449 festam,
1317 414 1367 440 ac
1433 399 1638 439 testatam
1705 397 1891 450 reliquit.

1089 459 1284 499 Demum
1335 457 1432 511 post
1481 458 1613 497 beata
1655 456 1806 503 studia,
1849 459 1892 494 et

1088 516 1251 556 multos
1275 529 1353 568 pro
1376 514 1552 555 ecclesia
1575 514 1657 563 dei,
1680 528 1730 554 ac
1752 513 1891 566 gloria

1088 574 1280 614 nominis
1309 573 1529 613 christiani
1559 571 1795 612 exhaustos
1831 569 1892 610 la-

1087 632 1215 672 bores
1239 647 1246 671 :
1269 632 1385 684 apud
1404 630 1646 671 Caesaream
1664 629 1890 670 Palestinae

1087 704 1167 743 pro
1190 689 1278 730 fide
1308 688 1462 730 Christi
1490 689 1532 727 in
1556 687 1892 741 persequutione

1090 747 1326 788 Maximini
1378 746 1654 799 imperatoris
1696 745 1892 785 calendis

1091 805 1203 859 Iunij
1230 805 1442 858 martyrio
1465 810 1700 845 coronatus
1725 804 1795 844 est.

1089 922 1133 966 ΕῘ
1167 918 1454 959 Illarcellimcs
1494 923 1535 957 et
1572 917 1733 957 Petrus
1779 931 1895 957 mal*-

1242 984 1363 1030 lyres.
1423 975 1568 1016 LcHio
1593 973 1750 1015 tertia?

1090 1062 1443 1145 TEmporibus
1467 1061 1734 1102 Diocletiani
1758 1062 1896 1114 impe-

1205 1121 1360 1160 ratoris
1398 1134 1532 1160 romae
1577 1121 1730 1160 Petrus
1768 1134 1896 1160 exor-

1090 1178 1194 1218 cista
1247 1178 1353 1218 iussu
1403 1177 1557 1219 Sereni
1609 1178 1763 1218 iudicis
1817 1191 1897 1231 pro

1092 1236 1248 1277 Christi
1271 1236 1450 1276 nomine
1474 1236 1516 1275 in
1546 1249 1764 1276 carcerem
1796 1250 1898 1275 con-

1092 1292 1231 1334 ierfftus
1267 1309 1275 1334 :
1316 1294 1547 1333 Paulinam
1581 1294 1770 1346 Artemij
1806 1308 1897 1333 car-

1092 1353 1200 1392 ceris
1223 1352 1412 1392 custodis
1435 1352 1569 1391 filiam
1594 1352 1649 1392 ab
1668 1352 1898 1392 immundo

1093 1410 1243 1463 spiritu
1276 1410 1491 1458 liberauit,
1515 1409 1742 1462 ipsumque
1765 1409 1898 1450 Arte-

1094 1469 1229 1508 mium
1269 1482 1368 1508 cum
1406 1468 1594 1520 coniuge
1631 1474 1674 1508 et
1712 1468 1812 1516 filia,
1847 1482 1898 1508 ac

1093 1533 1188 1567 tota
1222 1527 1368 1574 domo,
1406 1533 1450 1565 et
1486 1526 1701 1579 plerisque
1732 1526 1898 1575 vicinis,

1093 1584 1167 1637 qui
1192 1585 1246 1624 ad
1276 1583 1536 1624 miraculum
1567 1590 1865 1624 conuenerant
1891 1599 1898 1624 :

1094 1643 1150 1682 ad
1198 1642 1417 1683 Christum
1460 1643 1688 1691 conuertit,
1732 1648 1775 1681 et
1817 1642 1896 1682 hos

1094 1714 1248 1740 omnes
1321 1700 1603 1740 Marcellinus
1668 1700 1899 1753 presbyter

1094 1758 1350 1810 baptizauit.
1414 1757 1515 1810 Quo
1567 1759 1777 1798 nunciato
1820 1758 1897 1798 Se-

1094 1830 1223 1856 renus
1271 1816 1589 1863 Marcellinum,
1633 1822 1676 1855 et
1720 1817 1897 1856 Petrum

1094 1874 1150 1913 ad
1199 1874 1240 1913 se
1281 1871 1532 1925 prodifios,
1576 1874 1725 1914 multis
1768 1874 1898 1913 minis

1095 1932 1150 1971 ab
1197 1932 1392 1984 incoepto
1435 1931 1652 1971 deterrere
1693 1933 1897 1972 tentauit.

1097 1989 1179 2030 Cui
1212 2003 1311 2029 cum
1348 1988 1634 2029 Marcellinus
1668 1989 1900 2030 christiana

1095 2047 1298 2087 libertate
1321 2048 1376 2087 ad
1404 2047 1555 2087 omnia
1584 2047 1865 2100 responderet
1893 2063 1901 2087 :

1096 2106 1255 2158 pugnis
1307 2119 1408 2145 eum
1458 2105 1685 2145 contusum
1730 2105 1901 2158 separat

1096 2162 1121 2203 a
1154 2164 1292 2211 Petro,
1318 2164 1575 2215 nudumque
1607 2164 1650 2202 in
1681 2176 1899 2203 carcerem

1095 2221 1215 2261 testis
1265 2221 1415 2261 vitreis
1466 2220 1727 2273 perstratum
1785 2221 1900 2261 trudi

1097 2279 1218 2319 iubet
1254 2278 1341 2318 fine
1376 2278 1486 2327 cibo,
1522 2285 1565 2319 et
1599 2278 1686 2318 fine
1723 2279 1899 2318 lumine.

1097 2337 1251 2377 Petrus
1274 2337 1428 2376 itidem
1455 2336 1542 2376 alio
1565 2337 1607 2376 in
1632 2337 1729 2376 loco
1755 2335 1900 2376 aretis-

1097 2395 1210 2434 fimis
1232 2394 1418 2434 vinculis
1441 2394 1760 2447 constringitur.
1809 2394 1897 2435 Sed

1097 2453 1171 2492 diu
1195 2452 1374 2492 cruciati
1399 2466 1499 2491 cum
1522 2452 1723 2492 fortiores
1747 2453 1898 2501 indies,

1097 2517 1230 2562 atque
1254 2510 1297 2549 in
1322 2509 1477 2551 Christi
1507 2510 1766 2550 confessione
1797 2524 1900 2550 con-

1097 2568 1326 2607 stantiores
1349 2567 1660 2617 inuenirentur‚
1682 2574 1810 2608 extra
1831 2581 1897 2608 vr-

1097 2626 1198 2665 bem
1252 2623 1398 2665 edu&i
1445 2625 1530 2676 ‚iiij.
1582 2638 1721 2665 nonas
1770 2625 1898 2677 Iunij.

1097 2683 1243 2735 capite
1254 2682 1375 2735 plexi
1391 2683 1604 2735 martyrio
1622 2689 1897 2723 coronantur.

1098 2740 1269 2781 Lucilla
1298 2754 1401 2780 vero
1433 2747 1636 2780 matrona
1668 2740 1899 2781 christiana

1166 2871 1179 2892 4
1206 2872 1268 2906 die
1285 2882 1329 2905 .1.
1349 2872 1388 2905 in
1408 2883 1456 2905 m.

1167 2918 1182 2939 ⁵
1207 2919 1355 2953 testetur
1379 2931 1385 2953 :
1406 2920 1444 2952 P.

1167 2965 1180 2986 ‘3
1207 2966 1265 2999 die
1285 2975 1327 2999 .2.
1348 2966 1387 2999 iu
1408 2977 1456 2999 m.
