1981 3248
212 126 321 168 180.

302 217 346 263 ΕΙ
371 215 448 255 Ex
464 216 597 269 capite
616 216 656 270 j.
679 215 889 257 Mattlzoei
897 214 920 257 ¹.

208 290 374 374 CVm
418 291 522 331 esset
551 291 827 357 ‘desponsata
875 296 1016 355 mater

317 349 412 389 Iesu
448 350 590 390 Maria
623 348 1014 402 Ioseph...peper1t

209 405 345 447 filium
380 406 501 447 suum
546 407 892 460 primogenitum
926 421 935 446 ε
969 411 1012 446 et

208 465 384 505 vocauit
406 479 568 505 nomen
593 466 684 505 eius
710 464 865 504 Iesum.

532 571 694 613 Oratio.

217 646 408 727 DEus,
450 646 523 699 qui
573 659 652 685 nos
695 645 1013 698 redemptionis

332 703 487 743 nostrae
520 717 667 743 annua
699 701 1012 757 expectatione

209 761 406 801 laetificas
439 777 446 802 :
476 761 642 815 praesta,
666 768 712 802 vt
735 761 1009 814 vnigenitum

207 825 347 867 tuum,
382 833 513 873 quem
556 820 881 872 redemptorem
923 819 1012 859 laeti

210 877 462 931 suscipimus
507 893 514 918 :
548 878 800 918 venientem
835 891 1011 931 quoque

210 935 399 976 iudicem
442 935 574 976 securi
609 936 838 976 videamus
870 935 1012 976 domi-

210 1007 316 1033 num
359 993 550 1034 nostrum
599 993 742 1034 Iesum
790 993 1010 1035 Christum

210 1050 346 1092 filium
370 1057 494 1092 tuum
524 1067 531 1092 :
553 1052 627 1105 qui
649 1058 808 1092 tecum.

209 1178 252 1222 ΕΙ
271 1175 324 1215 N
320 1175 503 1216 atz‘nz’las
516 1175 613 1216 dom
619 1175 685 1216 ἐπί
695 1175 848 1228 duplex
859 1175 1011 1216 mains.

348 1267 430 1307 Ad
448 1267 637 1319 vzsperas
658 1267 873 1319 mems.

225 1359 326 1391 Ὗ·
348 1358 492 1399 Hriste
530 1358 783 1412 redemptor
813 1360 1011 1399 omnium

224 1409 326 1450 δα
365 1417 436 1456 Ex
452 1423 576 1470 patre
590 1418 726 1470 patris
741 1417 865 1457 vnice
882 1417 1012 1458 Solus

210 1482 314 1516 ante
374 1475 637 1529 principium
702 1482 831 1515 natus
890 1475 1011 1515 ineff-

208 1533 389 1574 abiliter.

267 1592 336 1632 Tu
362 1591 523 1639 lumen,
545 1596 592 1631 tu
617 1590 821 1643 splendor
843 1592 979 1644 patris
1003 1608 1010 1632 :

210 1650 278 1689 Tu
322 1649 416 1702 spes
458 1650 663 1702 perennis
705 1649 903 1689 omnium
939 1650 1010 1689 In-

206 1709 340 1748 tende
375 1721 482 1761 quas
510 1707 700 1747 fundunt
731 1721 893 1761 preces,
925 1708 1009 1748 Tui

209 1780 285 1819 per
307 1766 458 1805 orbem
483 1765 645 1804 famuli.

267 1824 496 1863 Memento
521 1823 667 1862 salutis
691 1820 844 1862 {mestos
865 1824 1007 1876 :quod

209 1881 338 1922 nostri
397 1882 623 1934 quondam
686 1881 880 1933 corporis
935 1882 1007 1921 Ex

208 1940 377 1980 illibata
419 1939 587 1991 virgine
640 1939 873 1978 Nascendo
925 1939 1007 1979 for-

208 2011 325 2038 mam
349 1997 587 2050 sumpseris.

267 2056 339 2096 Sic
390 2054 579 2108 praesens
626 2054 809 2094 testatur
859 2055 952 2095 dies
1000 2070 1008 2096 :

208 2114 397 2155 Currens
414 2126 490 2165 per
504 2112 607 2152 anni
623 2111 829 2152 circulum
853 2112 1007 2165 :Quod

208 2172 320 2211 solus
355 2170 379 2211 a
412 2171 509 2211 sede
546 2171 682 2223 patris
713 2170 865 2210 mundi
897 2171 1008 2212 salus

207 2229 447 2270 adueneris.

270 2287 402 2327 Hunc
465 2286 638 2333 coelum,
703 2292 828 2334 terra,
892 2287 1006 2327 hunc

208 2359 328 2385 mare
357 2359 364 2385 ;
406 2345 535 2383 Hunc
570 2357 700 2383 omne
727 2345 844 2397 quod
876 2346 916 2384 in
946 2347 1006 2385 eis

205 2403 265 2443 est
290 2400 532 2442 Au5³mrem
557 2402 774 2442 aduentus
802 2402 865 2442 tui
891 2403 1005 2443 Lau-

206 2462 316 2501 dans
340 2461 514 2500 exultat
537 2460 719 2500 cantico.

265 2519 361 2558 Nos
402 2531 579 2570 quoque
621 2518 694 2569 qui
738 2516 887 2558 san&o
928 2524 1005 2559 tuo

206 2576 446 2628 Redempti
478 2575 685 2627 sanguine
714 2575 859 2615 sumus
892 2591 899 2615 :
933 2577 1005 2617 Ob

205 2635 323 2674 diem
359 2633 518 2673 natalis
554 2634 617 2672 tui
659 2633 891 2685 Hymnum
927 2648 1003 2674 no-

205 2705 309 2732 uum
332 2691 613 2731 concinimus.

264 2749 413 2790 Gloria
436 2749 515 2789 tibi
539 2749 743 2788 domine:
767 2747 854 2801 Qui
874 2756 1002 2789 natus

206 2822 251 2846 es
293 2808 348 2846 de
389 2806 557 2858 virgine
597 2819 605 2846 ε
649 2807 762 2847 Cum
805 2813 930 2859 patre
961 2814 1005 2847 et

384 2912 393 2933 ¹
422 2911 457 2957 [i.
484 2911 645 2957 18—25.]

385 2958 397 2979 2
423 2959 482 2994 die
500 2968 542 3004 25
563 2961 602 2993 in
622 2971 667 2993 m.
715 2960 793 2994 Om.
818 2961 854 2994 P.

899 138 1195 170 DECEMBER.

1087 214 1235 257 saneto
1297 217 1445 271 spiritu
1511 218 1561 258 In
1625 218 1887 272 sempiterna

1085 273 1236 316 secula.
1299 275 1460 316 Amen.

1406 386 1568 429 Oratio.

1088 471 1346 555 COncede
1393 473 1641 525 quaesumus
1685 474 1885 526 omnipo-

1193 536 1288 570 tens
1316 531 1424 571 deus
1455 544 1463 571 :
1488 537 1535 571 vt
1562 545 1643 571 nos
1670 531 1883 584 vnigeniti

1085 588 1148 627 tui
1190 601 1306 628 noua
1348 602 1426 641 per
1458 602 1635 629 carnem
1674 590 1884 629 natiuitas

1085 644 1238 686 liberet
1282 661 1289 685 :
1321 660 1432 699 quos
1467 646 1542 687 sub
1579 648 1747 699 peccati
1782 647 1884 700 iugo

1083 704 1251 744 vetusta
1309 704 1490 745 seruitus
1552 711 1675 745 tenet
1736 719 1744 745 :
1807 718 1885 758 per

1083 762 1285 802 eundem.

1103 877 1147 922 (Ι
1171 868 1254 909 Ad
1270 869 1535 910 vmlm‘z'num
1559 869 1872 910 innitatorz'mzz.

1142 953 1335 994 Christus
1353 959 1483 994 natus
1506 953 1565 994 est
1583 953 1720 1004 nobis,
1738 954 1885 995 venite

1083 1010 1346 1053 adoremus².

1380 1109 1594 1161 [symmac.

1086 1186 1164 1266 Α
1191 1184 1307 1226 Solis
1328 1190 1450 1224 ortus
1468 1184 1647 1224 cardine
1670 1184 1726 1224 ad
1750 1183 1882 1238 Vsque

1198 1249 1325 1283 terrae
1352 1241 1539 1282 limitem
1568 1241 1786 1283 Christum
1813 1256 1883 1282 ca-

1083 1314 1240 1341 namus
1270 1300 1525 1353 principem,
1549 1300 1717 1341 Natum
1743 1300 1885 1341 Maria

1083 1359 1260 1411 virgine.

1144 1417 1306 1456 Beatus
1347 1413 1499 1456 au&or
1540 1415 1668 1456 seculi
1715 1416 1884 1458 Seruile

1083 1489 1241 1528 corpus
1265 1474 1406 1514 induit
1437 1490 1444 1514 :
1468 1474 1529 1514 Vt
1556 1488 1685 1514 carne
1706 1488 1881 1515 carnem

1084 1533 1285 1581 liberans,
1310 1533 1378 1572 Ne
1410 1533 1613 1585 perderet
1642 1546 1754 1586 quos
1780 1547 1883 1573 con-

1082 1592 1205 1631 didit.

1140 1648 1281 1690 Castae
1299 1649 1492 1701 parentis
1507 1647 1667 1688 viscera
1686 1648 1882 1690 Coelestis

1082 1707 1216 1747 intrat
1264 1706 1406 1759 gratia
1457 1720 1464 1746 :
1506 1706 1678 1746 Venter
1721 1707 1881 1760 puellze

1081 1764 1249 1805 baiulat
1277 1764 1467 1813 Secreta,
1493 1762 1612 1817 quae³
1634 1778 1721 1804 non
1749 1778 1882 1805 noue-

1080 1828 1156 1862 rat.

1141 1881 1313 1920 Domus
1346 1880 1493 1932 pudici
1525 1878 1715 1933 pe6toris
1749 1880 1881 1921 Tem-

1081 1939 1203 1992 plum
1246 1945 1426 1991 repente
1469 1938 1517 1978 fit
1551 1938 1621 1978 dei
1660 1954 1668 1978 ε
1706 1937 1881 1979 Intacta

1081 1997 1275 2036 nesciens
1305 1997 1445 2036 virum
1469 2011 1477 2036 ε
1499 1993 1657 2036 verbo4
1678 1998 1880 2051 concepit

1080 2054 1232 2095 filium.

1141 2112 1291 2152 Enixa
1313 2111 1373 2152 est
1395 2125 1620 2165 puerpera,
1637 2126 1769 2165 quem
1794 2112 1881 2154 Ga-

1080 2170 1187 2211 briel
1220 2170 1488 2223 praedixerat
1514 2184 1522 2210 :
1550 2169 1696 2222 Quem
1729 2171 1880 2211 matris

1080 2229 1181 2269 aluo
1213 2228 1398 2281 gestiens
1434 2243 1442 2268 ;
1478 2227 1658 2269 Clausus
1689 2229 1879 2269 Ioannes

1080 2286 1274 2327 senserat.

1138 2345 1279 2384 Fceno
1303 2344 1442 2383 iacere
1462 2343 1641 2396 pertulit
1660 2360 1667 2384 :
1683 2344 1880 2397 Praesepe

1081 2416 1166 2443 non
1200 2402 1425 2442 abhorruit
1462 2417 1470 2441 :
1506 2402 1735 2455 Paruoque
1765 2401 1879 2443 laete

1078 2460 1223 2514 pastus
1262 2459 1320 2500 est
1355 2474 1363 2499 :
1397 2460 1479 2499 Per
1514 2472 1645 2513 quem
1678 2473 1757 2500 nec
1790 2460 1880 2500 ales

1077 2518 1215 2559 esurit.

1137 2575 1313 2616 Gaudet
1335 2575 1492 2615 chorus
1523 2574 1763 2615 coelestium
1787 2591 1795 2615 ;
1820 2576 1878 2616 Et

1076 2634 1220 2686 angeli
1250 2638 1414 2673 canunt
1446 2632 1530 2673 deo
1561 2633 1801 2686 Palamque
1829 2634 1879 2674 fit

1075 2691 1318 2744 pastoribus
1369 2690 1516 2731 Pastor
1566 2697 1736 2731 creator
1785 2705 1878 2731 om-

1076 2750 1208 2789 nium.

1135 2807 1286 2847 Gloria
1308 2806 1387 2846 tibi
1410 2805 1600 2854 domine,
1625 2805 1712 2859 Qui
1737 2813 1875 2846 natus.

1194 2913 1206 2933 3
1232 2913 1294 2958 qui
1318 2925 1324 2946 :
1344 2914 1387 2947 A.

1194 2961 1206 2982 ⁴
1231 2961 1387 2994 verbum
1408 2973 1413 2994 :
1435 2961 1472 2993 P.
1492 2961 1535 2993 A.
