1981 3248
837 174 889 206 [A
894 174 998 207 NUA
1004 173 1133 206 RIUS.

154 254 255 296 teris
277 253 441 307 graecis,
459 260 503 294 et
524 251 730 307 aegyptijs
752 252 954 305 apprime

154 312 361 361 eruditus,
382 312 639 364 parentibus
669 310 826 351 amissis
851 323 953 350 cum

156 369 259 410 esset
295 382 510 409 annorum
550 367 651 421 .xvj.
693 367 833 408 Decio
874 368 955 407 im-

154 432 356 480 peratore
387 426 429 466 in
460 425 713 466 christianos
736 425 953 474 saeuiente‚

157 484 199 524 in
223 484 501 524 solitudinem
525 483 695 524 secessit.
749 483 837 523 Vbi
860 483 955 535 (au-

156 542 281 583 thore
305 542 595 594 Hieronymo,
609 541 683 594 qui
700 541 838 581 vitam
862 540 954 580 eius

156 599 421 652 conscripsit)
452 599 508 639 ad
541 598 659 638 saxei
692 598 855 638 montis
889 611 955 637 ra-

156 657 276 697 dices
328 656 591 710 speluncam,
643 669 776 708 quam
829 660 956 696 vetus

156 714 316 767 palma,
340 720 384 755 et
409 714 506 754 fons
532 713 849 767 limpidissimus
879 726 956 752 ex-

157 773 353 820 ornabat,
388 772 445 812 ad
480 772 619 812 vitam
657 770 956 824 peragendam

157 830 300 882 elegit,
336 829 485 883 palma
521 830 676 869 eadem
713 828 956 881 opsonium,

158 894 201 928 et
216 888 524 927 indumentum
540 887 806 939 suggerente.
843 886 957 927 Cum

158 951 308 985 autem
323 951 499 985 centum
514 944 725 985 tredecim
740 956 956 984 annorum

159 1003 273 1051 esset,
307 1002 332 1043 a
365 1003 496 1043 beato
530 1001 731 1042 Antonio
765 1014 957 1053 nonage-

159 1061 282 1101 nario
311 1061 354 1100 in
384 1060 459 1100 illa
488 1059 721 1100 solitudine
752 1058 955 1099 inuisitur.

160 1117 332 1171 Quibus
355 1119 468 1158 inter
489 1117 529 1157 se
552 1117 848 1157 iocundisfime
870 1115 958 1156 col-

160 1176 452 1229 loquentibus,
474 1189 630 1215 coruus
656 1188 816 1228 panem
848 1174 957 1214 inte-

159 1247 286 1286 grum
310 1240 412 1274 ante
435 1233 546 1286 ipsos
569 1232 779 1286 deposuit.
831 1231 958 1272 Tunc

163 1291 335 1341 Paulus,
366 1291 611 1343 Sexaginta
644 1289 825 1342 (inquit)
856 1289 958 1329 anni

162 1349 269 1397 sunt,
292 1349 450 1401 quibus
480 1348 760 1388 dimidiatum
792 1347 960 1399 semper

160 1420 322 1460 panem
354 1406 534 1458 accipio,
563 1419 678 1445 nunc
709 1405 764 1445 ad
797 1404 961 1444 aduen-

161 1471 256 1504 tum
279 1471 404 1504 tuum
428 1463 639 1504 militibus
661 1462 743 1502 suis
767 1461 960 1504 Christus

161 1522 404 1575 duplicauit
444 1534 678 1561 annonam.
739 1520 866 1559 Tunc
903 1520 958 1560 ad

162 1580 405 1632 marginem
429 1578 666 1619 nitidissimi
695 1577 827 1617 sontis
857 1590 959 1617 con-

161 1637 359 1686 fidentes,
385 1634 500 1676 fa&a
531 1636 742 1684 oratione,
770 1648 885 1688 pane
916 1641 959 1675 et

162 1709 278 1748 aqua
314 1692 474 1743 refe6fi,
513 1691 689 1733 no&cm
727 1691 959 1745 peruigiles

161 1753 463 1793 traduxerunt.
500 1751 708 1791 Postridie
723 1750 959 1799 Antonius,

162 1824 261 1850 cum
298 1810 419 1850 Pauli
457 1815 644 1849 mortem
679 1808 835 1848 instare
869 1808 960 1860 ipso

163 1868 429 1920 praedicente
471 1866 752 1919 cognouisset‚
790 1865 960 1918 lachry-

163 1939 288 1965 mans
318 1926 373 1965 ad
404 1924 712 1964 monasterium
745 1923 866 1963 suum
898 1937 962 1963 re-

163 1984 358 2030 uertitur,
383 1982 596 2023 relaturus
621 1981 815 2034 pallium,
841 1980 960 2033 quod

164 2041 239 2094 ipsi
263 2041 445 2081 dederat
468 2039 735 2079 Athanasius
757 2039 812 2078 ad
839 2038 961 2078 Pauli

164 2112 321 2151 corpus
349 2097 678 2144 inuoluendum,
704 2102 753 2137 vt
788 2096 844 2136 ab
872 2095 962 2149 ipso

165 2156 305 2196 fuerat
337 2162 526 2208 rogatus
589 2154 783 2194 Rediens
813 2159 961 2193 autem

163 2214 273 2254 vidit
312 2214 424 2253 inter
465 2210 721 2264 angelorum
763 2217 962 2251 cateruas

165 2272 257 2311 eius
283 2271 478 2311 animam
507 2270 636 2309 niueo
665 2269 855 2308 candore
884 2268 964 2308 sul·

164 2334 342 2382 gentem
377 2329 420 2367 in
453 2327 633 2367 sublime
665 2326 964 2374 conscendere,

166 2394 209 2427 et
232 2386 374 2426 statim
398 2398 497 2424 cum
524 2384 691 2437 gemitu
721 2389 764 2423 et
793 2382 964 2435 lachry-

167 2445 249 2484 mis
271 2443 505 2489 exclamat,
530 2443 619 2483 Cur
643 2455 711 2481 me
736 2440 868 2481 Paule
890 2441 964 2480 de—

167 2501 296 2542 seris?
328 2514 403 2540 cur
432 2499 688 2539 insalutatus
718 2498 842 2538 abis?
905 2498 964 2538 Et

167 2571 393 2599 accurrens
426 2558 467 2597 in
498 2557 747 2609 speluncam
777 2556 966 2596 cadauer

167 2617 334 2657 inuenit
413 2614 599 2667 genibus
679 2612 965 2666 complicatis,

168 2672 312 2714 erec‘ta
334 2673 513 2720 ceruice,
534 2671 723 2712 extensis
754 2672 796 2710 in
826 2671 965 2711 altum

168 2731 370 2771 manibus
385 2730 526 2770 oranti
542 2729 686 2769 simile.
717 2728 849 2781 Quod
865 2741 965 2768 curn

169 2788 456 2828 moestissimus
511 2786 771 2827 obuoluisset
821 2785 966 2839 pallio,

169 2860 248 2886 nec
275 2859 362 2898 quo
389 2851 548 2885 terram
575 2843 744 2886 foderet
775 2843 968 2892 haberet,

240 2923 248 2944 ¹
277 2923 450 2958 differens
475 2923 542 2956 :A.

240 2970 251 2990 ⁷
279 2970 338 3005 die
363 2979 410 3003 Η.
432 2971 471 3003 in
492 2981 537 3003 m.

1743 168 1817 211 105

1022 264 1121 292 ecce
1139 252 1227 291 duo
1245 250 1394 291 leones
1413 264 1470 291 ex
1489 250 1681 291 interiori
1700 257 1825 304 parte

1023 309 1268 349 solitudinis
1307 308 1545 356 venientes,
1580 308 1706 348 Vnius
1747 308 1825 348 ho-

1024 366 1155 406 minis
1191 378 1400 418 capacem
1438 365 1584 405 locum
1621 364 1824 406 effodere.
1876 400 1879 402 .

1024 423 1114 465 Vbi
1142 423 1327 463 humato
1358 436 1550 475 corpore,
1574 435 1624 462 ac
1655 422 1826 463 tumulo

1025 480 1277 534 compofito,
1293 480 1489 520 tunicam
1509 479 1630 520 Pauli
1653 493 1711 520 ex
1733 480 1827 533 pal-

1026 552 1197 579 marum
1234 537 1350 590 folijs
1386 543 1645 578 contextam
1682 537 1826 578 secum

1025 594 1246 636 deferensl
1268 595 1495 635 Antonius
1524 595 1580 635 ad
1611 594 1826 635 monaste-

1025 654 1138 694 rium
1161 653 1283 694 suum
1307 652 1499 693 reuersus
1522 652 1592 693 est.

1024 752 1201 806 Igim'zts
1211 758 1329 806 papa
1352 759 1530 806 martyr.
1570 752 1716 794 Lec‘Zio
1733 752 1826 807 ‚ig'ffl

1035 837 1236 920 IGinius
1273 851 1390 890 papa
1426 838 1606 878 natione
1643 851 1825 891 graecus,

1109 895 1253 948 patria
1281 895 1543 935 atheniensis
1572 895 1828 936 Antonino³

1028 953 1106 993 Pio
1142 953 1407 1005 imperatore
1443 953 1647 1005 pontifex
1686 952 1827 994 faustus

1027 1010 1282 1051 clericorum
1335 1011 1534 1050 ordinem
1588 1011 1828 1064 prudenter

1027 1082 1104 1121 per
1119 1069 1282 1121 gradus
1300 1067 1527 1117 distribuit,
1544 1068 1827 1122 instituitque,

1027 1140 1082 1166 ne
1104 1125 1272 1178 templa
1289 1125 1374 1166 fine
1391 1126 1685 1167 celebratione
1704 1127 1828 1167 dedi-

1028 1189 1240 1232 carentur,
1289 1197 1398 1224 neve
1443 1190 1707 1236 augerentur
1747 1198 1826 1225 nu-

1028 1255 1160 1290 mero,
1191 1246 1267 1281 aut
1301 1241 1646 1282 diminuerentur
1679 1242 1828 1283 incon-

1028 1299 1140 1339 sulto
1162 1299 1514 1351 metropolitano,
1528 1299 1596 1340 vel
1615 1299 1828 1353 episcopo.

1031 1357 1158 1404 Item,
1187 1370 1242 1396 ne
1269 1356 1404 1409 tigna,
1433 1356 1686 1410 reliquaque
1716 1364 1827 1398 tem-

1028 1414 1202 1468 plorum
1251 1415 1435 1454 materia
1484 1414 1526 1455 in
1574 1414 1828 1468 prophanos

1027 1472 1125 1512 vsus
1166 1477 1533 1513 conuerterentur.
1599 1473 1828 1522 Praeterea,

1027 1536 1075 1570 vt
1096 1543 1206 1570 vnus
1230 1529 1381 1569 saltem
1404 1530 1632 1582 patrimuS‚
1654 1543 1828 1584 vnaque

1029 1587 1235 1627 matrima
1289 1586 1530 1627 infantibus
1586 1587 1726 1628 adfint
1783 1589 1826 1628 in

1027 1644 1256 1697 baptismo.
1319 1644 1540 1685 Postremo
1569 1645 1624 1686 de
1652 1644 1829 1686 ecclefia

1027 1703 1098 1743 dei
1130 1703 1298 1755 optime
1330 1702 1522 1751 meritus,
1550 1716 1649 1743 cum
1682 1703 1828 1743 mense

1029 1760 1265 1800 Decembri
1288 1759 1587 1800 ordinationes
1609 1766 1676 1801 ter
1691 1760 1828 1801 habu-

1027 1818 1132 1866 isset,
1154 1817 1420 1870 creassetque
1442 1818 1722 1871 presbyteros
1743 1832 1826 1859 .Xv.

1027 1876 1238 1916 diaconos
1267 1889 1313 1915 .v.
1344 1875 1571 1928 episcopos
1600 1875 1686 1924 sex,
1716 1889 1828 1916 mar-

1027 1933 1143 1986 tyrio
1209 1939 1444 1972 coronatus
1505 1933 1548 1973 in
1609 1933 1828 1974 Vaticano

1029 1996 1180 2030 monte
1204 1989 1487 2042 sepelitur.iij.
1503 1991 1600 2031 idus
1625 1991 1828 2043 Ianuarij.

1030 2048 1143 2089 Cum
1206 2048 1374 2088 sedisset
1439 2062 1578 2088 annos
1640 2055 1830 2102 quatuor

1029 2105 1197 2146 menses
1229 2111 1328 2154 tres,
1360 2105 1453 2146 dies
1485 2112 1683 2159 quatuor.

1065 2200 1109 2244 ΕΙ
1133 2197 1344 2238 Hilarius
1363 2196 1568 2250 episcopus
1588 2197 1794 2250 consessor.

1268 2255 1413 2295 Leffiio
1434 2253 1593 2296 tertiat

1138 2321 1293 2362 Ilarius
1344 2322 1522 2362 natione
1573 2321 1715 2374 gallus
1771 2336 1829 2362 ex
1880 2325 1885 2329 “

1166 2381 1341 2432 regione
1389 2380 1647 2431 Aquitania,
1689 2379 1830 2420 clarus

1032 2438 1211 2491 quidem
1244 2450 1414 2490 genere,
1448 2437 1517 2477 sed
1556 2437 1642 2477 fide
1680 2443 1829 2478 tamen

1032 2503 1075 2537 et
1110 2495 1321 2548 sapientia
1354 2494 1519 2543 clarior,
1553 2500 1733 2547 propter
1767 2495 1829 2534 in-

1031 2559 1211 2606 gentem
1235 2552 1326 2592 eius
1352 2552 1576 2601 doctrinae,
1598 2566 1648 2592 ac
1677 2550 1830 2592 [3ηὲὶί-

1031 2611 1136 2652 tatis
1184 2610 1437 2662 opinionem
1487 2623 1649 2662 magno
1696 2609 1831 2650 totius

1033 2667 1184 2721 populi
1236 2667 1452 2715 consensu,
1505 2667 1605 2707 licet
1656 2667 1830 2714 inuitus,

1035 2724 1313 2766 Picftauorum
1374 2724 1600 2777 episcopus
1651 2731 1831 2765 creatur.

1035 2783 1136 2836 Quo
1160 2795 1338 2823 munere
1362 2780 1615 2822 sanctissnne
1633 2781 1831 2834 fungens,

1034 2841 1250 2881 arrianam
1272 2839 1465 2880 haerefim
1492 2845 1595 2880 tunc
1625 2840 1833 2892 temporis

1100 2918 1112 2938 ³
1139 2918 1303 2952 Antonio
1325 2930 1331 2951 :
1352 2919 1389 2952 P.
1407 2919 1449 2952 A.

1102 2964 1113 2985 ⁴
1140 2966 1199 2999 die
1223 2975 1272 3009 13.
1292 2966 1330 2998 in
1352 2977 1396 2999 m.
