1981 3248
205 115 283 155 186

523 207 685 248 Oratio.

207 281 398 363 DEus,
411 281 485 334 qui
503 295 583 322 nos
598 296 746 323 annua
758 281 1004 323 sanGtorum

323 346 569 392 martyrum
594 347 769 381 tuorum
788 341 855 382 .N.
875 346 919 381 et
936 340 1003 381 .N.

202 396 462 438 solennitate
504 397 702 439 laetificas
750 414 758 439 :
810 399 1004 439 concede

201 455 428 507 propitius,
457 462 504 496 vt
537 470 723 509 quorum
756 458 1003 509 gaudemus

201 513 367 553 meritis
409 515 704 554 accendamur
740 514 960 567 exemplis
993 531 1000 555 :

201 584 288 623 per.

200 680 244 725 (I
281 677 526 731 Sz'fuerz'nt
546 687 758 733 martyres
770 681 1000 734 pontifices

519 755 682 797 Oratio.

210 829 499 911 BEatorum
544 837 788 882 martyrum
822 831 1003 884 pariter-

310 901 395 940 que
436 888 696 941 pontificum
739 889 805 929 .N.
850 895 893 929 et
935 890 1002 930 .N.

202 959 281 985 nos
304 946 552 998 quaesumus
575 947 754 987 domine
776 947 882 987 festa
907 953 1001 987 tue-

201 1010 342 1052 antur,
365 1010 408 1044 et
431 1018 581 1044 eorum
605 1006 889 1046 commendet
907 1019 1003 1045 ora-

201 1062 262 1102 tio
284 1063 535 1102 veneranda
564 1079 570 1102 :
593 1076 680 1115 per.

314 1170 353 1210 A
364 1171 396 1210 ci
413 1171 611 1224 vaspcms.

296 1256 369 1296 Ex
403 1256 587 1309 gloriose
621 1264 877 1310 martyrum,
917 1257 1001 1298 Co-

323 1328 430 1354 rona
463 1314 778 1364 confitentium,
811 1316 897 1369 Qui
923 1316 1003 1356 res-

200 1379 386 1425 puentes
430 1379 603 1413 terrena
648 1386 656 1414 :
703 1374 906 1414 Perducis
943 1374 998 1414 ad

200 1430 402 1471 coelestia.

257 1488 426 1528 Aurem
500 1488 737 1542 benignam
800 1490 999 1542 protinus

200 1545 395 1599 Appone
447 1547 598 1587 nostris
651 1548 846 1597 vocibus,
890 1549 999 1588 Tro-

198 1604 326 1657 phzea
369 1604 484 1644 sacra
526 1606 772 1658 pangimus,
819 1607 999 1659 Ignosce

199 1663 317 1715 quod
342 1663 649 1715 delinquimus.

256 1720 323 1760 Tu
351 1721 489 1760 vincis
522 1721 564 1760 in
598 1722 865 1774 martyribus
900 1723 999 1762 Par-

199 1779 339 1818 cendo
374 1778 686 1819 confessoribus
724 1795 731 1819 :
772 1780 840 1820 Tu
873 1781 998 1821 vince

199 1836 343 1876 nostra
376 1837 559 1877 crimina
598 1837 822 1878 Donando
855 1838 998 1878 indul-

198 1895 405 1947 gentiam.

257 1952 354 1992 Deo
377 1953 490 2005 patri
514 1953 561 1993 fit
584 1952 723 2005 gloria
745 1959 824 1994 etc.

673 1172 728 1212 H
716 1185 793 1223 ym
799 1187 890 1213 nus.

281 2066 325 2110 ll
364 2063 597 2105 Commune
624 2065 910 2117 confessorum.

197 2156 241 2201 {1
274 2154 356 2193 Ad
379 2154 645 2194 malatinam
673 2154 999 2196 lslzcz'lalm‘inm.

257 2240 427 2292 Regem
451 2239 740 2280 confessorum
769 2240 998 2282 dominum

198 2298 344 2338 venite
367 2299 612 2337 adoremus.

490 2390 704 2442 fflmmns.

252 2476 338 2516 Esu
371 2489 532 2516 corona
564 2476 722 2524 celfior,
754 2476 812 2516 Et
837 2477 999 2517 veritas

280 2534 505 2574 sublimior
527 2549 534 2573 :
559 2533 646 2586 Qui
670 2534 896 2574 confitenti
917 2535 997 2574 ser—

198 2591 301 2632 uulo
335 2592 502 2632 Reddis
535 2605 725 2644 perenne
754 2593 996 2644 praemium.

257 2650 328 2689 Da
351 2649 611 2702 supplicanti
636 2651 770 2689 coetui
795 2649 995 2690 Obtentu

197 2708 324 2747 huius
366 2707 522 2759 optimi
566 2708 875 2747 Remisfionem
919 2709 997 2748 cri-

198 2766 366 2805 minum
403 2765 671 2817 Rumpendo
704 2778 871 2805 nexum
903 2767 996 2805 vin·

197 2823 293 2863 culi.

255 2879 377 2920 Anni
420 2879 587 2920 recurso
634 2886 834 2932 tempore
888 2881 994 2921 Dies

197 2938 345 2978 illuxit
378 2938 554 2986 lumine,
587 2937 688 2991 Quo
721 2936 892 2978 sanstus
926 2939 993 2979 hic

733 130 985 162 COMMVNE
1015 129 1242 162 SANCTOR
1252 132 1329 162 VM.

1077 207 1133 247 de
1155 221 1337 261 corpore
1361 208 1516 250 Polum
1541 210 1748 263 migrauit
1766 225 1877 265 prae-¹

1077 271 1248 317 potens.

1137 323 1326 365 Proinde
1355 331 1399 365 te
1429 326 1612 378 pijsfime
1645 326 1879 367 Precamur

1076 394 1230 421 omnes
1263 382 1490 435 supplices,
1518 383 1579 424 Vt
1611 383 1739 424 huius
1772 384 1876 425 almi

1075 440 1218 491 gratia
1242 440 1383 480 Nobis
1406 442 1606 481 remittas
1628 442 1788 482 debita.

1135 497 1286 538 Gloria
1331 499 1444 551 patri
1488 500 1683 548 domino,
1726 500 1877 551 Gloria

1074 555 1301 607 vnigenito
1317 556 1417 596 Vna
1438 570 1537 596 cum
1552 555 1699 597 sanch
1710 557 1877 611 Spiritu

1076 612 1128 652 In
1153 613 1416 666 sempiterna
1439 614 1591 655 secula.
1653 615 1814 656 Amen.

1093 721 1137 766 {I
1174 719 1230 761 Si
1247 720 1397 772 suerit
1415 720 1625 773 pontifex.
1689 720 1852 762 Oratio.

1083 792 1210 874 DA
1281 794 1530 847 quaesumus
1593 796 1877 848 omnipotens

1195 852 1302 892 deus
1345 866 1352 892 :
1384 859 1432 893 vt
1463 853 1582 893 beati
1616 853 1682 894 .N.
1716 854 1878 894 confes-

1074 908 1175 949 soris
1217 911 1281 950 tui
1315 917 1450 963 atque
1492 910 1714 963 pontificis
1747 925 1878 952 vene-

1074 968 1211 1007 randa
1244 968 1481 1008 solennitas
1516 975 1559 1009 et
1592 969 1877 1010 deuotionem

1074 1025 1200 1065 nobis
1222 1032 1397 1079 augeat,
1420 1033 1463 1067 et
1486 1026 1671 1067 salutem
1696 1043 1703 1068 :
1726 1041 1812 1080 per.

1121 1119 1165 1164 (l
1202 1116 1259 1157 Si
1276 1118 1427 1168 fuerit
1455 1117 1595 1159 abbas.
1662 1118 1827 1160 Oratio.

1082 1192 1365 1272 INtercesfio
1400 1207 1479 1233 nos
1513 1194 1763 1246 quaesumus
1801 1196 1880 1236 do-

1156 1251 1273 1290 mine
1306 1251 1423 1291 beati
1452 1251 1523 1292 .N.
1552 1253 1726 1293 abbatis
1758 1267 1878 1293 com-

1073 1308 1252 1348 mendet
1276 1324 1283 1348 :
1305 1316 1351 1349 vt
1374 1310 1492 1362 quod
1525 1310 1679 1350 nostris
1710 1311 1877 1351 meritis

1072 1379 1159 1405 non
1218 1366 1429 1415 valemus,
1484 1368 1577 1408 eius
1628 1369 1876 1421 patrocinio

1071 1423 1348 1477 assequamur
1371 1440 1378 1464 :
1400 1439 1489 1478 per.

1087 1528 1130 1572 ΕΙ
1167 1525 1225 1566 Si
1247 1526 1396 1579 fuerit
1428 1527 1639 1579 confesfhr
1671 1534 1852 1568 tantum.

1393 1601 1555 1643 Oratio.

1079 1675 1269 1756 DEus,
1301 1676 1375 1728 qui
1411 1689 1490 1716 nos
1523 1677 1640 1717 beati
1673 1678 1739 1718 .N.
1772 1692 1874 1718 con-

1191 1733 1352 1773 fessoris
1371 1735 1433 1774 tui
1453 1748 1599 1774 annua
1617 1734 1876 1776 solennitate

1072 1790 1280 1840 lcetificas,
1309 1793 1504 1832 concede
1535 1793 1752 1845 propitius
1787 1809 1794 1833 :
1827 1800 1875 1834 vt

1071 1849 1193 1888 cuius
1245 1849 1447 1890 natalitia
1499 1850 1696 1900 colimus,
1738 1852 1873 1892 etiam

1071 1905 1266 1946 a&iones
1290 1907 1515 1947 imitemur
1539 1923 1547 1948 :
1572 1922 1661 1960 per.

1176 1996 1215 2036 Α
1224 1997 1258 2037 d
1285 1997 1485 2050 vesperas

1126 2070 1205 2112 Ste
1234 2072 1446 2112 confessor
1477 2072 1646 2112 domini
1670 2073 1871 2123 sacratus

1154 2129 1280 2169 Festa
1327 2130 1453 2182 plebs
1505 2131 1627 2170 cuius
1679 2131 1872 2172 celebrat

1070 2200 1147 2240 per
1179 2188 1331 2228 orbem
1371 2189 1521 2228 Hodie
1553 2189 1679 2229 laetus
1712 2190 1872 2230 meruit

1071 2245 1233 2285 secreta
1257 2245 1479 2286 Scandere
1501 2247 1610 2286 coeli.

1130 2300 1220 2355 Qui
1268 2304 1377 2356 pius,
1426 2305 1631 2357 prudens,
1680 2303 1870 2353 humilis,

1069 2362 1267 2414 pudicus,
1305 2361 1498 2410 Sobrius,
1536 2361 1675 2402 castus
1707 2362 1789 2403 fuit
1828 2369 1871 2403 et

1070 2419 1255 2471 quietus,
1277 2419 1384 2460 Vita
1402 2420 1507 2459 dum
1531 2420 1718 2472 praesens
1740 2434 1869 2474 vege-

1069 2477 1182 2516 tauit
1205 2477 1296 2516 eius
1321 2477 1527 2529 Corporis
1549 2484 1681 2517 artus.

1127 2534 1202 2574 Ad
1260 2535 1424 2574 sacrum
1477 2535 1598 2575 cuius
1647 2535 1867 2576 tumulum

1069 2592 1317 2644 frequenter
1343 2592 1546 2632 Membra
1577 2592 1865 2646 languentum

1069 2651 1203 2690 modo
1245 2650 1416 2690 sanitati
1461 2650 1670 2703 Quolibet
1712 2651 1866 2691 morbo

1069 2707 1229 2747 fuerint
1250 2714 1433 2760 grauata
1458 2708 1772 2748 Restituuntur.

1548 1998 1604 2037 H
1593 2012 1766 2051 ymnus.

1126 2765 1258 2805 Vnde
1292 2779 1408 2805 nunc
1449 2765 1591 2805 noster
1632 2766 1789 2806 chorus
1821 2766 1865 2807 in

1066 2822 1278 2862 honorem
1322 2822 1460 2875 Ipsius
1492 2823 1707 2875 hymnum
1748 2825 1866 2864 canit

1067 2880 1183 2920 hunc
1215 2880 1410 2929 libenter,
1441 2881 1504 2921 Vt
1536 2881 1618 2933 pijs
1652 2882 1742 2921 eius
1774 2895 1864 2921 me-

1068 2939 1159 2978 ritis
1182 2938 1383 2978 iuuemur
1405 2937 1551 2979 Omne
1574 2952 1650 2991 per
1672 2952 1828 2979 aeuum.
