1916 3243
556 376 609 421 (I
640 377 803 412 Tabula¹
823 378 1023 411 lz'lerarztm
1043 377 1339 413 dominicalium.

162 462 1609 507 &bg-fedbAgfdcb

270 511 304 543 Α
746 520 765 543 C
1232 521 1250 543 e
1705 463 1739 551 ἓ

150 556 188 590 f2
274 568 295 592 e
392 556 416 591 d
513 568 539 637 (ἐ)
621 557 655 590 Α
744 568 768 601 g
863 556 882 590 f
990 567 1014 637 Ξ
1118 567 1136 590 c
1227 557 1251 590 b
1340 557 1373 591 A
1468 568 1492 637 ξ
1587 568 1606 591 e
1713 557 1737 590 d

181 690 235 735 (I
279 694 323 727 In
356 693 486 727 tabula
519 692 764 737 suprascripta
789 692 936 726 literam
967 691 1229 726 dominicalem
1258 691 1407 735 singulis
1442 691 1550 725 annis
1575 691 1646 725 hoc
1676 690 1788 735 paeto

105 739 285 775 inuenies.
299 740 478 785 3primam
498 740 671 779 litteram,
688 750 772 783 quae
790 740 839 773 est
859 751 878 773 c
897 739 1018 772 tribue
1037 750 1136 773 anno
1151 747 1264 782 .1535.
1281 739 1486 784 sequentes,
1502 750 1585 783 quae
1600 739 1681 772 sunt
1694 739 1726 773 b.
1742 739 1786 771 A.

105 789 224 822 tribue
239 799 337 821 anno
353 786 484 830 .1536.3
502 787 623 831 sicque
642 786 820 830 deinceps
840 786 1063 830 progredere
1082 785 1271 831 quousque
1290 785 1486 830 peruenias
1505 787 1551 819 ad
1571 784 1788 819 numerum4

106 835 194 869 anni
215 835 319 869 cuius
338 835 485 868 literam
504 834 594 867 scire
613 833 680 875 vis,
701 834 787 878 quia
804 834 911 867 litera
928 834 1035 877 super
1054 845 1166 877 quam
1185 834 1284 867 cadit
1304 845 1479 867 numerus
1499 834 1595 867 illius
1614 833 1701 866 anni
1720 833 1789 867 erit

105 883 213 916 litera
232 882 484 915 dominicalis.
537 881 632 924 Quae
650 880 673 914 fi
691 882 802 915 Vnica
820 881 1020 914 occurrerit
1045 892 1186 914 annum
1205 891 1440 914 communem
1462 881 1530 914 esse
1550 879 1745 923 intelliges,
1763 880 1787 912 fi

105 930 240 974 duplex
274 929 500 963 bissextilem.
553 929 601 962 Et
635 934 723 962 tunc
755 928 855 972 prior
885 927 935 961 .id
962 928 1021 961 est.
1056 927 1219 972 superior
1252 927 1363 971 Vsque
1397 928 1443 961 ad
1471 928 1601 961 festum
1630 927 1787 960 Mathiae

106 977 259 1020 apostoli
283 976 474 1010 deseruiet.
529 976 687 1009 Inferior
709 982 835 1009 autem
861 975 908 1008 ad
935 975 1118 1019 reliquam
1143 974 1230 1008 anni
1257 980 1401 1019 partem
1429 974 1785 1008 accommodabitur.

106 1024 297 1058 sciendum
317 1030 442 1057 autem
461 1022 562 1067 quod
580 1022 694 1056 finitis
713 1022 780 1056 528.
801 1022 909 1056 annis
932 1022 1164 1056 redeundum
1189 1022 1238 1055 est
1257 1022 1305 1055 ad
1323 1021 1548 1066 principium
1567 1032 1653 1055 cum
1677 1021 1786 1055 annis

105 1078 193 1106 tunc
213 1070 457 1105 currentibus.

725 1182 777 1227 (I
803 1184 838 1218 A
847 1195 960 1218 arens
978 1194 1172 1219 numeras.

176 1276 262 1311 xvi.⁵
279 1276 360 1311 xvii.
380 1276 477 1310 xviii.
498 1276 567 1310 xix.
588 1275 609 1310 i.
630 1275 663 1310 ii.
685 1275 733 1309 iii.
754 1275 816 1309 iiii.
837 1288 868 1309 v.
888 1275 934 1309 vi.
954 1275 1013 1309 vii.
1034 1275 1107 1308 viii.
1128 1275 1172 1309 ix.
1193 1288 1224 1308 x.
1243 1275 1288 1309 xi.
1308 1275 1366 1308 xii.
1387 1275 1459 1308 xiii.
1480 1275 1549 1308 xiv.
1569 1287 1625 1309 xv.

182 1372 233 1416 ΕΙ
262 1374 381 1408 Simili
396 1373 510 1407 modo
525 1378 562 1406 vt
577 1371 719 1406 dielum
735 1373 784 1406 est
803 1372 848 1405 de
866 1372 972 1406 litera
991 1372 1206 1406 dominicali
1226 1372 1484 1416 deprehendes
1504 1372 1616 1406 etiam
1634 1384 1788 1406 aureum

106 1432 303 1457 numerum
338 1421 375 1454 in
403 1420 646 1465 suprascripta
671 1431 911 1453 numerorum
938 1419 1036 1453 serie.
1091 1421 1190 1453 Nam
1225 1420 1389 1463 primum
1415 1430 1620 1461 numerum,
1649 1420 1711 1464 qui
1738 1421 1787 1454 est

105 1470 201 1504 ⁶.xvi.
234 1468 353 1503 tribue
388 1479 487 1501 anno
527 1476 624 1511 1535.
679 1467 909 1512 Sequentem
944 1467 1006 1510 qui
1041 1467 1089 1500 est
1120 1466 1214 1500 .xvii.
1243 1467 1363 1500 tribue
1389 1478 1489 1500 anno
1516 1466 1647 1510 .1536.⁶
1674 1473 1709 1501 et
1740 1467 1786 1501 fic

107 1517 283 1560 deinceps
308 1515 427 1549 donec
453 1515 501 1549 ad
520 1526 660 1548 annum
679 1520 783 1547 tuum
803 1514 1007 1558 peruenias.
1028 1521 1063 1548 et
1082 1513 1196 1548 finitis
1214 1523 1281 1557 .19.
1302 1514 1410 1547 annis
1435 1514 1630 1558 regredere
1652 1514 1786 1548 iterum

105 1565 153 1599 ad
172 1563 405 1609 principium.

694 1689 747 1734 {I
772 1691 1073 1725 ll'ouz'lmlz'arum
1092 1702 1220 1726 canon.

182 1776 235 1820 (I
263 1777 509 1812 Nouilunium
532 1776 680 1820 singulis
702 1776 887 1810 mensibus
910 1776 955 1810 fic
980 1776 1169 1821 reperitur.
1224 1777 1366 1811 Habito
1386 1788 1497 1810 aureo
1517 1788 1671 1810 numero
1698 1777 1787 1811 anni

107 1827 159 1862 tui
177 1825 390 1869 vbicunque
415 1825 476 1858 ille
498 1825 535 1858 in
557 1824 687 1858 ordine
712 1823 813 1857 aurei
842 1824 985 1857 numeri
1014 1824 1050 1857 in
1078 1824 1291 1857 calendario
1314 1824 1428 1868 pos1to
1448 1824 1513 1858 tibi
1534 1825 1744 1867 occurrerit,
1764 1836 1787 1858 a

107 1876 190 1909 loco
218 1873 314 1906 illius
337 1872 410 1906 diei
433 1872 534 1905 iuxta
557 1871 658 1915 pofiti
684 1871 914 1914 sequentium
939 1871 1137 1905 verborum
1161 1871 1319 1913 syllabas
1342 1871 1479 1904 sursum
1502 1878 1687 1915 computa.
1742 1873 1786 1905 In

108 1921 213 1956 coelis
240 1920 289 1953 est
320 1920 390 1953 hic.
442 1919 642 1962 vnicuique
668 1918 740 1951 diei
768 1918 1093 1952 accommodando
1120 1918 1298 1961 syllabam
1324 1929 1447 1952 vnam.
1502 1918 1684 1963 Diesque⁷
1711 1918 1782 1962 ille,

106 1970 215 2014 supra
232 1978 342 2012 quem
360 1966 507 2010 syllaba.
527 1966 599 2008 hic,
619 1965 795 1999 ceciderit
815 1965 894 1998 dies
914 1966 963 1999 est
982 1965 1174 2009 nouilunij.

171 2225 183 2244 1
214 2226 384 2261 Tabulam,
415 2236 554 2256 aureum
587 2236 775 2262 numerum,
810 2229 838 2255 et
873 2235 1028 2256 canonem
1060 2223 1313 2255 noviluniormn
1349 2224 1442 2255 addit
1471 2225 1511 2254 P.
1543 2223 1614 2265 past
1645 2225 1786 2265 Regulus

105 2270 281 2311 generales.
336 2270 414 2300 Vide
437 2280 471 2310 p.
490 2269 577 2299 xxxi.

175 2313 187 2331 2
210 2313 285 2343 Has
307 2313 419 2343 lz'z‘eras
442 2323 459 2343 c
483 2317 512 2343 et
534 2312 551 2343 f
569 2312 691 2343 omittit
712 2312 763 2342 hic
786 2312 826 2342 P.
846 2312 904 2342 scd
924 2322 974 2342 cas
993 2316 1066 2352 post
1087 2311 1129 2342 A.
1157 2321 1190 2352 g.
1210 2311 1243 2342 d.
1267 2311 1393 2349 inserit,
1421 2310 1437 2341 f
1456 2311 1492 2341 2'72
1510 2311 1678 2351 superiore,
1707 2321 1724 2341 c
1748 2311 1784 2341 in

111 2357 265 2397 iastvffare
279 2357 294 2386 l
294 2357 378 2387 inea.

174 2399 226 2419 3-3
250 2400 372 2441 primas
404 2399 515 2430 literas
550 2410 613 2440 que
647 2398 719 2430 sunt
754 2399 776 2429 b
805 2398 837 2429 A
861 2398 969 2429 tribue
993 2409 1092 2429 anno.
1122 2397 1215 2439 1536.
1263 2397 1452 2438 sequentem
1476 2407 1540 2438 que
1565 2396 1609 2428 est
1633 2407 1655 2437 g
1678 2397 1785 2428 tribue

111 2454 209 2475 anno.
233 2452 351 2483 1537.:
378 2444 413 2473 P.

175 2486 187 2505 4
212 2498 421 2517 numerorum
451 2499 457 2517 :
484 2487 524 2516 R.

178 2530 190 2549 5
215 2531 282 2560 Hic
297 2531 420 2560 omittit
434 2531 475 2560 P.
494 2540 671 2560 numerum
688 2539 829 2559 aureum
847 2528 911 2559 xvi.
931 2528 985 2558 scd
997 2539 1069 2558 eum
1079 2533 1155 2569 past
1170 2539 1211 2558 xv
1224 2527 1349 2558 inserit.

176 2572 226 2593 6-6
250 2573 315 2604 xvii
339 2574 446 2604 tribue
469 2584 567 2604 anno.
592 2573 684 2613 1536.
732 2573 932 2613 Sequentem
959 2572 1014 2613 qui
1039 2571 1082 2602 est
1109 2571 1210 2602 .xviii.
1239 2571 1346 2602 tribue
1370 2581 1468 2601 anno.
1501 2579 1592 2611 1537.
1625 2583 1631 2601 :
1657 2571 1693 2602 P.

177 2616 188 2636 ⁷
213 2617 294 2647 Dies
321 2628 327 2647 :
355 2617 390 2646 P.
