1981 3248
198 131 276 165 120

190 215 344 258 fimum
367 218 627 271 exemplum
650 217 876 271 reliquerit
899 218 989 258 suc-

193 274 426 316 cessoribus
449 276 531 316 suis
552 275 620 316 vel
640 289 811 316 morum
836 274 991 316 sanffl-

192 333 309 382 tatis‚
361 334 429 375 vel
482 334 724 387 diligentiae
766 334 809 374 in
863 334 991 374 rebus

192 391 386 444 agendis,
428 391 498 433 vel
548 390 762 433 doctrinae
806 408 813 433 :
857 405 991 445 quam

192 449 324 501 varijs
374 450 540 504 scriptis
591 450 780 490 ostendit
833 466 840 490 :
891 463 991 503 quae

193 506 335 548 multa
376 513 420 549 et
477 507 688 561 praeclara
748 507 990 561 posteritati

192 564 379 618 reliquit.
444 566 531 606 Hic
563 565 746 606 instituit
775 572 822 606 vt
853 565 992 618 Kyrie

193 622 351 663 eleison
385 624 536 664 nouies
574 624 616 664 in
654 623 830 664 ecclefia
864 637 992 664 cane-

192 686 320 722 retur.
384 682 510 729 Item,
532 687 578 722 vt
601 688 852 722 cantaretur
881 681 993 721 Hal-

193 738 336 788 leluia,
370 746 665 793 praeterquam
701 738 726 780 a
764 739 992 792 septuage-

193 796 298 837 slma
327 798 460 851 Vsque
486 799 541 838 ad
565 796 733 851 pascha.
798 797 924 838 Idem
949 798 991 837 in

192 868 360 896 canone
402 855 571 909 redegit
624 855 745 896 illud.
800 855 991 909 Diesque

192 912 359 954 nostros
411 913 452 953 in
505 920 582 953 tua
623 927 731 967 pace
773 913 990 966 disponas.

193 971 288 1011 Nec
311 985 398 1012 non
429 971 767 1024 supplicationes
791 972 990 1020 maiores,

190 1042 300 1081 quas
333 1029 463 1082 graeci
499 1029 674 1069 litanias
709 1036 869 1070 vocant
906 1043 913 1069 :
947 1036 990 1070 et

191 1086 427 1128 stationum
452 1101 661 1140 magnam
680 1093 850 1140 partem
876 1087 990 1127 insti-

187 1145 283 1185 tuit.
345 1145 420 1185 Ab
457 1145 539 1185 hoc
577 1146 726 1198 probis
762 1145 988 1198 doctisque

188 1203 290 1243 viris
306 1204 359 1243 ad
377 1203 694 1256 predicandum
711 1203 989 1257 euangelium

191 1261 321 1301 missis
336 1261 473 1314 Angli
489 1261 623 1301 fidem
644 1261 800 1301 Christi
819 1262 990 1313 integre

190 1318 368 1371 publico
440 1319 644 1359 consensu
717 1325 991 1372 acceperunt.

192 1376 399 1417 Eiusdem
419 1377 685 1429 potisfimum
704 1376 857 1429 opera¹
882 1377 990 1418 Got-

189 1434 253 1475 thi
284 1435 339 1475 ad
372 1434 635 1475 catholicam
668 1435 801 1475 fidem
836 1449 893 1475 ex
924 1449 990 1475 ar-

190 1493 312 1533 riana
334 1491 448 1533 secta
471 1491 669 1534 rediere2.
734 1493 822 1533 Hic
845 1499 989 1546 pater-

190 1565 293 1591 nam
347 1551 529 1591 domum
584 1551 625 1591 in
680 1551 989 1591 monasterium

188 1610 418 1657 conuertit,
445 1609 517 1649 vbi
551 1623 766 1662 pauperes
799 1609 990 1662 peregri-

189 1681 268 1707 nos
292 1667 448 1708 alebat.
509 1667 635 1720 Obijt
659 1681 775 1707 anno
799 1667 858 1707 sui
882 1681 990 1720 pon-

189 1724 380 1765 tificatus
414 1725 518 1778 xiij.
555 1725 700 1765 mense
736 1725 800 1777 .vj.
831 1731 989 1778 quarto

189 1783 286 1823 idus
317 1784 514 1832 Martias,
552 1783 829 1836 sepultusque
858 1783 918 1823 est
948 1784 989 1823 in

188 1841 363 1881 basilica
388 1842 514 1882 Petri.

220 1941 263 1985 fl
288 1937 533 1977 Alexander
551 1932 757 1990 epzscopnssc
778 1944 957 1990 marzjyr.

464 1995 610 2036 Lefflo
632 1994 729 2048 dij?

190 2070 488 2151 ffexander
528 2070 767 2122 cappadox
820 2083 993 2123 genere,

310 2141 409 2168 cum
449 2127 533 2167 suae
572 2128 718 2180 gentis
761 2127 991 2181 episcopus

191 2185 305 2235 esset,
348 2185 562 2225 adorandi
607 2192 649 2225 et
698 2185 794 2226 loca
844 2184 991 2226 sancta

189 2243 354 2284 visendi
384 2243 528 2297 gratia
559 2243 793 2284 Antonino
838 2243 989 2285 Seueri

190 2300 279 2342 filio
341 2302 606 2354 imperatore
674 2301 990 2354 lerosolymam

188 2360 319 2400 venit.
383 2360 592 2412 Dumque
643 2359 796 2399 vrbem
849 2360 990 2413 ingre-

188 2418 375 2465 deretur,
397 2431 488 2458 vox
517 2417 691 2457 coelitus
722 2416 747 2457 a
776 2417 991 2471 plerisque

188 2475 394 2515 fratribus
431 2476 468 2515 ei
505 2475 683 2515 obuiam
722 2476 990 2516 exeuntibus

190 2533 344 2573 audita
380 2532 450 2582 est,
487 2533 698 2586 Excipite
721 2533 987 2586 episcopum,

189 2590 263 2643 qui
299 2590 425 2630 vobis
463 2589 489 2631 a
520 2590 603 2631 deo
641 2590 880 2631 destinatus
918 2591 988 2632 est.

191 2648 348 2701 Itaque
372 2648 575 2688 Narcisus
600 2648 989 2702 Ierosolymitanus

188 2706 415 2759 episcopus
477 2705 593 2746 hunc
655 2706 987 2759 perhumaniter

188 2769 424 2816 receptum,
480 2764 712 2817 paulopost
766 2764 841 2805 fibi
899 2765 986 2805 iam

255 2869 267 2890 1
295 2881 363 2913 cap
382 2879 424 2902 .2.
444 2870 485 2903 in
503 2881 549 2903 m.
567 2870 610 2904 V.

255 2915 268 2937 2
294 2916 413 2950 redire
436 2927 442 2950 :
462 2917 505 2949 A.

255 2962 268 2984 3
294 2963 353 2998 die
371 2962 437 2996 ‚18.
457 2964 497 2996 in
516 2974 561 2997 m.

930 139 1040 170 MAR
1048 140 1168 173 TJUS.

1068 218 1185 260 senio
1256 218 1469 266 confe5to‚
1534 227 1578 261 et
1638 220 1863 274 pontificia

1066 291 1248 318 munera
1274 278 1395 318 obire
1425 280 1676 332 nequeunti,
1701 293 1864 333 magno

1065 335 1272 376 consensu
1310 336 1493 376 fratrum
1531 337 1575 376 in
1609 336 1862 390 episcopatu

1064 393 1320 434 admonitus
1351 393 1375 434 a
1398 395 1481 434 deo
1504 394 1679 435 suffecit.
1746 395 1862 435 Iero-

1064 450 1350 503 solymitanus
1374 452 1506 504 igitur
1528 452 1754 506 episcopus
1777 452 1864 493 fac-

1064 514 1145 557 tus,
1183 523 1282 549 cum
1326 507 1526 550 doffrina
1568 517 1611 550 et
1654 510 1863 563 exemplo

1063 567 1181 619 apud
1224 581 1376 607 omnes
1419 567 1560 608 clarus
1603 568 1743 608 multa
1784 582 1862 621 pro

1062 624 1325 665 confesfione
1405 624 1563 666 Christi
1635 626 1860 679 perpessus

1065 682 1220 731 suisset,
1272 683 1347 722 sub
1406 684 1546 724 Decio
1599 684 1862 737 imperatore

1063 740 1414 793 comprehensus,
1475 741 1708 795 multisque
1765 741 1860 795 sup—

1063 798 1205 851 plicijs
1224 813 1274 839 ac
1293 799 1559 840 cruciatibus
1577 800 1619 840 in
1638 801 1863 853 decrepita

1064 856 1149 897 iam
1183 863 1315 897 aetate
1348 855 1542 906 affe&us‚
1576 858 1681 898 dum
1714 856 1739 898 a
1770 859 1863 898 vin-

1063 914 1170 954 culis
1203 916 1258 955 ad
1293 915 1497 964 tribunal,
1520 922 1563 956 et
1595 914 1620 956 a
1651 915 1861 956 tribunali

1064 978 1297 1013 reuocatus
1368 973 1423 1013 ad
1498 973 1675 1014 vincula
1748 975 1862 1014 inter

1063 1030 1152 1083 ipsa
1177 1037 1400 1071 tormenta
1422 1031 1633 1072 deficiens
1663 1032 1861 1085 spiritum

1062 1089 1244 1129 domino
1296 1089 1488 1130 reddidit
1531 1104 1612 1130 .Xv.
1655 1090 1862 1130 calendas

1062 1145 1240 1199 Aprilis.

1074 1246 1117 1291 {I
1142 1244 1285 1296 loseph
1305 1244 1507 1297 consessor
1526 1245 1678 1298 duplex
1698 1244 1852 1286 minus.

1384 1302 1545 1343 Oratio.

1065 1376 1326 1459 COncede
1368 1377 1617 1431 quaesumus
1659 1378 1861 1431 omnipo-

1177 1441 1274 1475 tens
1311 1436 1432 1483 deus,
1465 1443 1511 1476 vt
1542 1436 1659 1476 beati
1692 1436 1863 1488 Ioseph,

1060 1493 1273 1546 vnigeniti
1309 1493 1384 1546 filij
1421 1494 1485 1533 tui
1525 1494 1675 1534 matris
1714 1493 1862 1546 sponsl,

1061 1551 1359 1591 intercessione
1383 1552 1438 1591 ab
1467 1552 1675 1591 omnibus
1707 1552 1862 1592 aduer-

1061 1608 1257 1649 fitatibus
1276 1609 1513 1650 liberemur
1535 1625 1542 1649 :
1567 1623 1645 1662 per
1667 1610 1858 1650 eundem

1060 1667 1290 1707 dominum
1315 1667 1521 1708 nostrum.

1062 1765 1105 1810 {I
1150 1764 1223 1803 Ex
1260 1763 1438 1803 homilia
1463 1763 1614 1815 sandi
1645 1763 1867 1805 Bernardz'

1102 1821 1237 1874 snper
1255 1821 1402 1873 missus
1423 1821 1486 1875 est.
1547 1821 1692 1862 Laevia
1715 1821 1809 1876 ,z'g'j‘fl

1183 1896 1290 1936 Issus
1320 1896 1379 1936 est
1411 1896 1594 1949 angelus
1625 1896 1804 1938 Gabriel
1837 1897 1861 1938 a

1200 1954 1284 1994 deo
1302 1955 1343 1993 in
1360 1952 1561 1995 ciuitate5
1578 1954 1774 1996 Galilaeae
1793 1956 1861 1996 cui

1062 2025 1224 2052 nomen
1269 2012 1492 2052 Nazareth
1544 2013 1599 2053 ad
1646 2013 1860 2067 virginem

1062 2069 1367 2122 desponsatam
1389 2071 1481 2110 viro
1504 2071 1571 2110 cui
1590 2084 1751 2111 nomen
1769 2078 1862 2112 erat

1065 2127 1232 2181 Ioseph.
1311 2128 1468 2168 Virum
1520 2129 1721 2169 nominat
1771 2143 1860 2169 non

1062 2186 1166 2238 quia
1193 2186 1374 2226 maritus
1402 2186 1473 2226 sed
1497 2187 1599 2240 quia
1621 2186 1756 2227 homo
1776 2188 1860 2228 vir-

1063 2244 1170 2284 tutis
1193 2250 1298 2293 erat,
1320 2244 1388 2284 vel
1419 2245 1566 2297 potius
1596 2245 1700 2298 quia
1732 2245 1859 2285 iuxta

1063 2301 1197 2342 alium
1221 2301 1537 2355 euangelistam
1568 2316 1656 2342 non
1678 2303 1743 2343 vir
1763 2303 1860 2343 fim-

1062 2360 1245 2412 pliciter,
1280 2360 1351 2400 sed
1386 2361 1450 2400 vir
1484 2361 1576 2400 eius
1609 2358 1753 2400 dffi'cus
1788 2360 1857 2401 est.

1062 2417 1224 2457 Merito
1275 2418 1391 2458 enim
1440 2417 1690 2471 appellatur
1739 2419 1858 2471 quod

1061 2476 1294 2516 necessario
1327 2482 1518 2528 putatur.
1582 2476 1748 2516 Debuit
1782 2476 1858 2529 igi-

1059 2539 1130 2573 tur
1142 2534 1207 2574 vir
1221 2534 1314 2573 eius
1336 2533 1549 2586 appellari
1570 2534 1673 2586 quia
1690 2534 1856 2574 necesse

1060 2590 1141 2631 fuit
1163 2597 1206 2631 et
1229 2592 1385 2643 putari,
1408 2591 1512 2631 ficut
1542 2597 1584 2631 et
1614 2597 1740 2644 pater
1763 2591 1857 2633 Sal-

1060 2649 1224 2689 uatoris
1247 2662 1335 2688 non
1359 2649 1538 2701 quidem
1562 2649 1656 2697 esse,
1674 2649 1747 2689 sed
1770 2650 1855 2690 dici

1061 2706 1219 2746 meruit
1247 2712 1294 2746 vt
1322 2712 1551 2759 putaretur
1578 2706 1662 2746 esse
1683 2707 1856 2747 dicente

1058 2764 1141 2805 hoc
1184 2764 1274 2817 ipso
1319 2764 1599 2818 euangelista.
1666 2764 1724 2805 Et
1768 2764 1855 2818 ipse

1129 2869 1142 2890 4
1169 2871 1227 2904 die
1250 2880 1299 2914 19.
1321 2871 1360 2904 in
1381 2882 1425 2903 m.

1127 2916 1141 2938 ⁵
1168 2917 1357 2952 ciuitatem
1381 2929 1387 2951 :
1410 2918 1446 2952 P.
1463 2918 1504 2951 A.
