<?xml version="1.0" encoding="UTF-8"?>
<!DOCTYPE html PUBLIC "-//W3C//DTD XHTML 1.0 Transitional//EN"
    "http://www.w3.org/TR/xhtml1/DTD/xhtml1-transitional.dtd">
<html xmlns="http://www.w3.org/1999/xhtml" xml:lang="en" lang="en">
 <head>
  <title>
</title>
<meta http-equiv="Content-Type" content="text/html;charset=utf-8" />
  <meta name='ocr-system' content='tesseract 3.04.00' />
  <meta name='ocr-capabilities' content='ocr_page ocr_carea ocr_par ocr_line ocrx_word'/>
</head>
<body>
  <div class='ocr_page' id='page_1' title='image "./breviariumromanu00cath_0025.png"; bbox 0 0 1916 3243; ppageno 0'>
   <div class='ocr_carea' id='block_1_1' title="bbox 424 735 1316 1455">
    <p class='ocr_par' dir='ltr' id='par_1_1' title="bbox 424 735 1316 1455">
     <span class='ocr_line' id='line_1_1' title="bbox 427 735 1316 778; baseline 0.002 -2"><span class='ocrx_word' id='word_1_1' title='bbox 427 735 509 776; x_wconf 88' lang='lat' dir='ltr'><strong>AD</strong></span> <span class='ocrx_word' id='word_1_2' title='bbox 543 735 792 778; x_wconf 75' lang='lat' dir='ltr'><strong>SANcrrss.</strong></span> <span class='ocrx_word' id='word_1_3' title='bbox 828 736 1035 778; x_wconf 86' lang='lat' dir='ltr'><strong>PATREM</strong></span> <span class='ocrx_word' id='word_1_4' title='bbox 1069 747 1138 778; x_wconf 83' lang='lat' dir='ltr'><strong>ET.</strong></span> <span class='ocrx_word' id='word_1_5' title='bbox 1174 738 1226 778; x_wconf 90' lang='lat' dir='ltr'><strong>D.</strong></span> <span class='ocrx_word' id='word_1_6' title='bbox 1262 738 1316 778; x_wconf 71' lang='lat' dir='ltr'><strong>N,</strong></span> 
     </span>
     <span class='ocr_line' id='line_1_2' title="bbox 536 872 1219 913; baseline 0.003 -2"><span class='ocrx_word' id='word_1_7' title='bbox 536 872 751 912; x_wconf 87' lang='lat' dir='ltr'><strong>PAVLVM.</strong></span> <span class='ocrx_word' id='word_1_8' title='bbox 786 872 871 913; x_wconf 88' lang='lat' dir='ltr'>III.</span> <span class='ocrx_word' id='word_1_9' title='bbox 906 872 1053 913; x_wconf 85' lang='lat' dir='ltr'>PONT.</span> <span class='ocrx_word' id='word_1_10' title='bbox 1088 873 1219 913; x_wconf 84' lang='lat' dir='ltr'><strong>MAX.</strong></span> 
     </span>
     <span class='ocr_line' id='line_1_3' title="bbox 479 1008 1280 1063; baseline 0.004 -15"><span class='ocrx_word' id='word_1_11' title='bbox 479 1009 749 1050; x_wconf 83' lang='lat' dir='ltr'><strong>FRANCISCI</strong></span> <span class='ocrx_word' id='word_1_12' title='bbox 784 1008 1065 1063; x_wconf 76' lang='lat' dir='ltr'>QVIGNONH</span> <span class='ocrx_word' id='word_1_13' title='bbox 1098 1009 1202 1050; x_wconf 81' lang='lat' dir='ltr'><strong>TIT.</strong></span> <span class='ocrx_word' id='word_1_14' title='bbox 1237 1010 1280 1051; x_wconf 84' lang='lat' dir='ltr'><strong>S.</strong></span> 
     </span>
     <span class='ocr_line' id='line_1_4' title="bbox 424 1143 1314 1186; baseline 0 -2"><span class='ocrx_word' id='word_1_15' title='bbox 424 1143 606 1184; x_wconf 83' lang='lat' dir='ltr'><strong>CRVC1s</strong></span> <span class='ocrx_word' id='word_1_16' title='bbox 654 1152 708 1183; x_wconf 87' lang='lat' dir='ltr'><strong>IN</strong></span> <span class='ocrx_word' id='word_1_17' title='bbox 758 1144 915 1184; x_wconf 81' lang='lat' dir='ltr'><strong>IERvs.</strong></span> <span class='ocrx_word' id='word_1_18' title='bbox 962 1143 1119 1185; x_wconf 62' lang='grc' dir='ltr'><strong>ΡΕΕΒ.1</strong></span> <span class='ocrx_word' id='word_1_19' title='bbox 1161 1144 1314 1186; x_wconf 88' lang='lat' dir='ltr'><strong>CARD.</strong></span> 
     </span>
     <span class='ocr_line' id='line_1_5' title="bbox 539 1278 1217 1319; baseline 0.003 -2"><span class='ocrx_word' id='word_1_20' title='bbox 539 1287 592 1317; x_wconf 88' lang='lat' dir='ltr'><strong>IN</strong></span> <span class='ocrx_word' id='word_1_21' title='bbox 629 1278 948 1318; x_wconf 82' lang='lat' dir='ltr'><strong>BREVIARIVM</strong></span> <span class='ocrx_word' id='word_1_22' title='bbox 982 1279 1217 1319; x_wconf 84' lang='lat' dir='ltr'>PROXIME</span> 
     </span>
     <span class='ocr_line' id='line_1_6' title="bbox 730 1413 1037 1455; baseline -0.007 0"><span class='ocrx_word' id='word_1_23' title='bbox 730 1413 1037 1455; x_wconf 86' lang='lat' dir='ltr'><strong>CONFECTVM</strong></span> 
     </span>
    </p>
   </div>
   <div class='ocr_carea' id='block_1_2' title="bbox 734 1550 1031 1589">
    <p class='ocr_par' dir='ltr' id='par_1_2' title="bbox 734 1550 1031 1589">
     <span class='ocr_line' id='line_1_7' title="bbox 734 1550 1031 1589; baseline 0 0"><span class='ocrx_word' id='word_1_24' title='bbox 734 1550 1031 1589; x_wconf 75' lang='lat' dir='ltr'><strong>PRAEFATIO.</strong></span> 
     </span>
    </p>
   </div>
   <div class='ocr_carea' id='block_1_3' title="bbox 100 1657 339 1891">
    <p class='ocr_par' dir='ltr' id='par_1_3' title="bbox 100 1657 339 1891">
     <span class='ocr_line' id='line_1_8' title="bbox 100 1657 339 1891; baseline 0 0"><span class='ocrx_word' id='word_1_25' title='bbox 100 1657 339 1891; x_wconf 95' lang='lat' dir='ltr'><strong>  </strong></span> 
     </span>
    </p>
   </div>
   <div class='ocr_carea' id='block_1_4' title="bbox 108 1674 1650 2908">
    <p class='ocr_par' dir='ltr' id='par_1_4' title="bbox 114 1671 1648 1877">
     <span class='ocr_line' id='line_1_9' title="bbox 122 1674 1647 1754; baseline 0 -26"><span class='ocrx_word' id='word_1_26' title='bbox 122 1674 543 1754; x_wconf 43' lang='lat'><strong>*³2</strong></span> <span class='ocrx_word' id='word_1_27' title='bbox 565 1686 671 1727; x_wconf 90' lang='lat' dir='ltr'><strong>mihi</strong></span> <span class='ocrx_word' id='word_1_28' title='bbox 694 1693 819 1740; x_wconf 88' lang='lat' dir='ltr'><strong>pater</strong></span> <span class='ocrx_word' id='word_1_29' title='bbox 841 1685 1096 1727; x_wconf 72' lang='lat' dir='ltr'><strong>sanffisfime</strong></span> <span class='ocrx_word' id='word_1_30' title='bbox 1114 1693 1247 1741; x_wconf 88' lang='lat' dir='ltr'><strong>atque</strong></span> <span class='ocrx_word' id='word_1_31' title='bbox 1265 1687 1413 1727; x_wconf 89' lang='lat' dir='ltr'><strong>animo</strong></span> <span class='ocrx_word' id='word_1_32' title='bbox 1431 1688 1647 1741; x_wconf 77' lang='lat' dir='ltr'><strong>repetenti</strong></span> 
     </span>
     <span class='ocr_line' id='line_1_10' title="bbox 114 1755 1647 1812; baseline 0.001 -18"><span class='ocrx_word' id='word_1_33' title='bbox 114 1807 127 1812; x_wconf 32' lang='grc' dir='ltr'>η</span> <span class='ocrx_word' id='word_1_34' title='bbox 158 1804 160 1807; x_wconf 88' lang='lat'>.</span> <span class='ocrx_word' id='word_1_35' title='bbox 189 1793 202 1808; x_wconf 43' lang='lat' dir='ltr'><strong><em>V</em></strong></span> <span class='ocrx_word' id='word_1_36' title='bbox 396 1756 519 1796; x_wconf 87' lang='lat' dir='ltr'><strong>initia</strong></span> <span class='ocrx_word' id='word_1_37' title='bbox 555 1755 712 1796; x_wconf 88' lang='lat' dir='ltr'><strong>veteris</strong></span> <span class='ocrx_word' id='word_1_38' title='bbox 745 1755 940 1804; x_wconf 88' lang='lat' dir='ltr'><strong>instituti,</strong></span> <span class='ocrx_word' id='word_1_39' title='bbox 966 1769 1055 1808; x_wconf 89' lang='lat' dir='ltr'><strong>quo</strong></span> <span class='ocrx_word' id='word_1_40' title='bbox 1088 1755 1300 1796; x_wconf 87' lang='lat' dir='ltr'><strong>sancitum</strong></span> <span class='ocrx_word' id='word_1_41' title='bbox 1333 1756 1404 1805; x_wconf 86' lang='lat' dir='ltr'><strong>est,</strong></span> <span class='ocrx_word' id='word_1_42' title='bbox 1429 1762 1477 1796; x_wconf 90' lang='lat' dir='ltr'><strong>vt</strong></span> <span class='ocrx_word' id='word_1_43' title='bbox 1504 1755 1647 1796; x_wconf 88' lang='lat' dir='ltr'><strong>clerici</strong></span> 
     </span>
     <span class='ocr_line' id='line_1_11' title="bbox 157 1823 1648 1877; baseline -0.001 -12.027"><span class='ocrx_word' id='word_1_44' title='bbox 116 1815 200 1872; x_wconf 44' lang='grc' dir='ltr'><strong>’ᾖ</strong></span> <span class='ocrx_word' id='word_1_45' title='bbox 396 1824 522 1864; x_wconf 88' lang='lat' dir='ltr'><strong>sacris</strong></span> <span class='ocrx_word' id='word_1_46' title='bbox 564 1824 737 1872; x_wconf 85' lang='lat' dir='ltr'><strong>initiati,</strong></span> <span class='ocrx_word' id='word_1_47' title='bbox 767 1823 836 1864; x_wconf 92' lang='lat' dir='ltr'><strong>vel</strong></span> <span class='ocrx_word' id='word_1_48' title='bbox 872 1823 1122 1864; x_wconf 79' lang='lat' dir='ltr'><strong>sacerdotiis</strong></span> <span class='ocrx_word' id='word_1_49' title='bbox 1160 1824 1440 1877; x_wconf 79' lang='lat' dir='ltr'><strong>praefidentes</strong></span> <span class='ocrx_word' id='word_1_50' title='bbox 1472 1824 1648 1877; x_wconf 80' lang='lat' dir='ltr'><strong>singulis</strong></span> 
     </span>
    </p>

    <p class='ocr_par' dir='ltr' id='par_1_5' title="bbox 108 1892 1650 2908">
     <span class='ocr_line' id='line_1_12' title="bbox 395 1892 1648 1946; baseline 0 -14"><span class='ocrx_word' id='word_1_51' title='bbox 395 1893 551 1933; x_wconf 89' lang='lat' dir='ltr'><strong>diebus</strong></span> <span class='ocrx_word' id='word_1_52' title='bbox 587 1892 816 1946; x_wconf 86' lang='lat' dir='ltr'><strong>perlegant</strong></span> <span class='ocrx_word' id='word_1_53' title='bbox 852 1892 1047 1932; x_wconf 88' lang='lat' dir='ltr'><strong>horarias</strong></span> <span class='ocrx_word' id='word_1_54' title='bbox 1082 1906 1244 1945; x_wconf 81' lang='lat' dir='ltr'><strong>preces,</strong></span> <span class='ocrx_word' id='word_1_55' title='bbox 1266 1907 1376 1946; x_wconf 83' lang='lat' dir='ltr'><strong>quas</strong></span> <span class='ocrx_word' id='word_1_56' title='bbox 1413 1893 1648 1933; x_wconf 84' lang='lat' dir='ltr'><strong>canonicas</strong></span> 
     </span>
     <span class='ocr_line' id='line_1_13' title="bbox 108 1959 1647 2017; baseline 0.001 -17"><span class='ocrx_word' id='word_1_57' title='bbox 108 1961 241 2001; x_wconf 89' lang='lat' dir='ltr'><strong>etiarn</strong></span> <span class='ocrx_word' id='word_1_58' title='bbox 274 1962 563 2015; x_wconf 78' lang='lat' dir='ltr'><strong>appellamus,</strong></span> <span class='ocrx_word' id='word_1_59' title='bbox 596 1968 685 2002; x_wconf 87' lang='lat' dir='ltr'><strong>tres</strong></span> <span class='ocrx_word' id='word_1_60' title='bbox 719 1962 902 2002; x_wconf 90' lang='lat' dir='ltr'><strong>omnino</strong></span> <span class='ocrx_word' id='word_1_61' title='bbox 935 1961 1074 2001; x_wconf 81' lang='lat' dir='ltr'><strong>causae</strong></span> <span class='ocrx_word' id='word_1_62' title='bbox 1109 1959 1316 2014; x_wconf 66' lang='lat' dir='ltr'><strong>spectatae</strong></span> <span class='ocrx_word' id='word_1_63' title='bbox 1353 1961 1477 2017; x_wconf 25' lang='lat' dir='ltr'><strong>fuisse·</strong></span> <span class='ocrx_word' id='word_1_64' title='bbox 1508 1962 1647 2002; x_wconf 87' lang='lat' dir='ltr'><strong>videri</strong></span> 
     </span>
     <span class='ocr_line' id='line_1_14' title="bbox 108 2029 1648 2085; baseline 0.001 -16"><span class='ocrx_word' id='word_1_65' title='bbox 108 2029 256 2071; x_wconf 86' lang='lat' dir='ltr'><strong>solent.</strong></span> <span class='ocrx_word' id='word_1_66' title='bbox 320 2031 518 2085; x_wconf 76' lang='lat' dir='ltr'><strong>Quarum</strong></span> <span class='ocrx_word' id='word_1_67' title='bbox 552 2045 603 2072; x_wconf 86' lang='lat' dir='ltr'><strong>ea</strong></span> <span class='ocrx_word' id='word_1_68' title='bbox 634 2031 776 2084; x_wconf 91' lang='lat' dir='ltr'><strong>prima</strong></span> <span class='ocrx_word' id='word_1_69' title='bbox 805 2031 877 2080; x_wconf 89' lang='lat' dir='ltr'><strong>est,</strong></span> <span class='ocrx_word' id='word_1_70' title='bbox 907 2031 1026 2084; x_wconf 85' lang='lat' dir='ltr'><strong>quod</strong></span> <span class='ocrx_word' id='word_1_71' title='bbox 1059 2045 1158 2071; x_wconf 89' lang='lat' dir='ltr'><strong>cum</strong></span> <span class='ocrx_word' id='word_1_72' title='bbox 1193 2031 1339 2072; x_wconf 84' lang='lat' dir='ltr'><strong>caeteri</strong></span> <span class='ocrx_word' id='word_1_73' title='bbox 1371 2031 1572 2071; x_wconf 89' lang='lat' dir='ltr'><strong>homines</strong></span> <span class='ocrx_word' id='word_1_74' title='bbox 1605 2031 1648 2070; x_wconf 91' lang='lat' dir='ltr'><strong>in</strong></span> 
     </span>
     <span class='ocr_line' id='line_1_15' title="bbox 109 2096 1650 2153; baseline 0 -15"><span class='ocrx_word' id='word_1_75' title='bbox 109 2112 284 2152; x_wconf 86' lang='lat' dir='ltr'><strong>quaque</strong></span> <span class='ocrx_word' id='word_1_76' title='bbox 316 2100 495 2141; x_wconf 85' lang='lat' dir='ltr'><strong>ciuitate</strong></span> <span class='ocrx_word' id='word_1_77' title='bbox 527 2106 603 2141; x_wconf 89' lang='lat' dir='ltr'><strong>aut</strong></span> <span class='ocrx_word' id='word_1_78' title='bbox 638 2100 760 2140; x_wconf 89' lang='lat' dir='ltr'><strong>suum</strong></span> <span class='ocrx_word' id='word_1_79' title='bbox 802 2099 985 2153; x_wconf 87' lang='lat' dir='ltr'><strong>quisque</strong></span> <span class='ocrx_word' id='word_1_80' title='bbox 1026 2100 1260 2152; x_wconf 82' lang='lat' dir='ltr'><strong>negocium</strong></span> <span class='ocrx_word' id='word_1_81' title='bbox 1295 2105 1443 2152; x_wconf 84' lang='lat' dir='ltr'><strong>agant,</strong></span> <span class='ocrx_word' id='word_1_82' title='bbox 1477 2105 1553 2139; x_wconf 90' lang='lat' dir='ltr'><strong>aut</strong></span> <span class='ocrx_word' id='word_1_83' title='bbox 1591 2096 1650 2138; x_wconf 82' lang='lat' dir='ltr'><strong>in2</strong></span> 
     </span>
     <span class='ocr_line' id='line_1_16' title="bbox 111 2166 1647 2220; baseline 0 -14"><span class='ocrx_word' id='word_1_84' title='bbox 111 2166 357 2220; x_wconf 89' lang='lat' dir='ltr'><strong>Republica</strong></span> <span class='ocrx_word' id='word_1_85' title='bbox 389 2168 732 2208; x_wconf 87' lang='lat' dir='ltr'><strong>administranda</strong></span> <span class='ocrx_word' id='word_1_86' title='bbox 754 2168 833 2208; x_wconf 84' lang='lat' dir='ltr'><strong>fint</strong></span> <span class='ocrx_word' id='word_1_87' title='bbox 860 2168 1075 2220; x_wconf 88' lang='lat' dir='ltr'><strong>occupati,</strong></span> <span class='ocrx_word' id='word_1_88' title='bbox 1098 2167 1264 2207; x_wconf 79' lang='lat' dir='ltr'><strong>clericis</strong></span> <span class='ocrx_word' id='word_1_89' title='bbox 1297 2181 1354 2207; x_wconf 82' lang='lat' dir='ltr'><strong>ex</strong></span> <span class='ocrx_word' id='word_1_90' title='bbox 1387 2181 1439 2207; x_wconf 95' lang='lat' dir='ltr'><strong>eo</strong></span> <span class='ocrx_word' id='word_1_91' title='bbox 1467 2167 1647 2215; x_wconf 84' lang='lat' dir='ltr'><strong>vocatis,</strong></span> 
     </span>
     <span class='ocr_line' id='line_1_17' title="bbox 109 2235 1649 2289; baseline 0 -14"><span class='ocrx_word' id='word_1_92' title='bbox 109 2240 156 2275; x_wconf 92' lang='lat' dir='ltr'><strong>vt</strong></span> <span class='ocrx_word' id='word_1_93' title='bbox 190 2235 492 2289; x_wconf 87' lang='lat' dir='ltr'><strong>Hieronymus</strong></span> <span class='ocrx_word' id='word_1_94' title='bbox 523 2237 715 2284; x_wconf 86' lang='lat' dir='ltr'><strong>testatur,</strong></span> <span class='ocrx_word' id='word_1_95' title='bbox 748 2237 866 2289; x_wconf 88' lang='lat' dir='ltr'><strong>quod</strong></span> <span class='ocrx_word' id='word_1_96' title='bbox 901 2236 955 2276; x_wconf 90' lang='lat' dir='ltr'><strong>de</strong></span> <span class='ocrx_word' id='word_1_97' title='bbox 997 2236 1108 2275; x_wconf 91' lang='lat' dir='ltr'><strong>sorte</strong></span> <span class='ocrx_word' id='word_1_98' title='bbox 1149 2235 1317 2275; x_wconf 91' lang='lat' dir='ltr'><strong>domini</strong></span> <span class='ocrx_word' id='word_1_99' title='bbox 1360 2235 1451 2283; x_wconf 84' lang='lat' dir='ltr'><strong>fint,</strong></span> <span class='ocrx_word' id='word_1_100' title='bbox 1485 2236 1649 2288; x_wconf 87' lang='lat' dir='ltr'><strong>quique</strong></span> 
     </span>
     <span class='ocr_line' id='line_1_18' title="bbox 109 2304 1647 2357; baseline -0.001 -12"><span class='ocrx_word' id='word_1_101' title='bbox 109 2304 237 2345; x_wconf 85' lang='lat' dir='ltr'><strong>bonis</strong></span> <span class='ocrx_word' id='word_1_102' title='bbox 271 2305 562 2345; x_wconf 81' lang='lat' dir='ltr'><strong>ecclesiasticis</strong></span> <span class='ocrx_word' id='word_1_103' title='bbox 594 2305 781 2354; x_wconf 87' lang='lat' dir='ltr'><strong>aluntur,</strong></span> <span class='ocrx_word' id='word_1_104' title='bbox 804 2304 887 2345; x_wconf 88' lang='lat' dir='ltr'><strong>hoc</strong></span> <span class='ocrx_word' id='word_1_105' title='bbox 914 2305 1179 2357; x_wconf 76' lang='lat' dir='ltr'><strong>potissimum</strong></span> <span class='ocrx_word' id='word_1_106' title='bbox 1208 2304 1441 2357; x_wconf 83' lang='lat' dir='ltr'><strong>negocium</strong></span> <span class='ocrx_word' id='word_1_107' title='bbox 1474 2304 1647 2353; x_wconf 82' lang='lat' dir='ltr'><strong>diuinis,</strong></span> 
     </span>
     <span class='ocr_line' id='line_1_19' title="bbox 111 2371 1649 2426; baseline 0.001 -14"><span class='ocrx_word' id='word_1_108' title='bbox 111 2378 153 2412; x_wconf 89' lang='lat' dir='ltr'><strong>et</strong></span> <span class='ocrx_word' id='word_1_109' title='bbox 175 2373 379 2413; x_wconf 90' lang='lat' dir='ltr'><strong>humanis</strong></span> <span class='ocrx_word' id='word_1_110' title='bbox 398 2373 567 2426; x_wconf 87' lang='lat' dir='ltr'><strong>legibus</strong></span> <span class='ocrx_word' id='word_1_111' title='bbox 590 2373 649 2413; x_wconf 87' lang='lat' dir='ltr'><strong>est</strong></span> <span class='ocrx_word' id='word_1_112' title='bbox 672 2371 927 2421; x_wconf 67' lang='lat' dir='ltr'><strong>iniun&amp;um,</strong></span> <span class='ocrx_word' id='word_1_113' title='bbox 950 2371 1019 2413; x_wconf 82' lang='lat' dir='ltr'><strong>vt3</strong></span> <span class='ocrx_word' id='word_1_114' title='bbox 1041 2373 1084 2412; x_wconf 89' lang='lat' dir='ltr'><strong>in</strong></span> <span class='ocrx_word' id='word_1_115' title='bbox 1107 2372 1381 2412; x_wconf 87' lang='lat' dir='ltr'><strong>commissum</strong></span> <span class='ocrx_word' id='word_1_116' title='bbox 1405 2373 1479 2412; x_wconf 87' lang='lat' dir='ltr'><strong>fibi</strong></span> <span class='ocrx_word' id='word_1_117' title='bbox 1509 2387 1649 2426; x_wconf 91' lang='lat' dir='ltr'><strong>popu-</strong></span> 
     </span>
     <span class='ocr_line' id='line_1_20' title="bbox 110 2439 1649 2494; baseline 0.001 -14"><span class='ocrx_word' id='word_1_118' title='bbox 110 2439 215 2491; x_wconf 89' lang='lat' dir='ltr'><strong>lum,</strong></span> <span class='ocrx_word' id='word_1_119' title='bbox 239 2455 290 2481; x_wconf 90' lang='lat' dir='ltr'><strong>ac</strong></span> <span class='ocrx_word' id='word_1_120' title='bbox 312 2442 366 2482; x_wconf 88' lang='lat' dir='ltr'><strong>de</strong></span> <span class='ocrx_word' id='word_1_121' title='bbox 396 2441 436 2482; x_wconf 91' lang='lat' dir='ltr'><strong>se</strong></span> <span class='ocrx_word' id='word_1_122' title='bbox 458 2443 569 2483; x_wconf 91' lang='lat' dir='ltr'><strong>bene</strong></span> <span class='ocrx_word' id='word_1_123' title='bbox 598 2447 839 2482; x_wconf 90' lang='lat' dir='ltr'><strong>merentem</strong></span> <span class='ocrx_word' id='word_1_124' title='bbox 864 2442 1009 2481; x_wconf 88' lang='lat' dir='ltr'><strong>Deum</strong></span> <span class='ocrx_word' id='word_1_125' title='bbox 1033 2442 1272 2494; x_wconf 89' lang='lat' dir='ltr'><strong>propitium</strong></span> <span class='ocrx_word' id='word_1_126' title='bbox 1295 2440 1456 2482; x_wconf 88' lang='lat' dir='ltr'><strong>habere</strong></span> <span class='ocrx_word' id='word_1_127' title='bbox 1479 2440 1649 2482; x_wconf 57' lang='lat' dir='ltr'><strong>cunfitis</strong></span> 
     </span>
     <span class='ocr_line' id='line_1_21' title="bbox 111 2508 1647 2563; baseline 0.002 -15"><span class='ocrx_word' id='word_1_128' title='bbox 111 2510 354 2551; x_wconf 86' lang='lat' dir='ltr'><strong>rationibus</strong></span> <span class='ocrx_word' id='word_1_129' title='bbox 380 2511 612 2551; x_wconf 85' lang='lat' dir='ltr'><strong>enitantur.</strong></span> <span class='ocrx_word' id='word_1_130' title='bbox 675 2510 806 2563; x_wconf 75' lang='lat' dir='ltr'><strong>Quod</strong></span> <span class='ocrx_word' id='word_1_131' title='bbox 830 2523 918 2549; x_wconf 91' lang='lat' dir='ltr'><strong>non</strong></span> <span class='ocrx_word' id='word_1_132' title='bbox 942 2509 1078 2549; x_wconf 90' lang='lat' dir='ltr'><strong>solum</strong></span> <span class='ocrx_word' id='word_1_133' title='bbox 1108 2508 1326 2562; x_wconf 86' lang='lat' dir='ltr'><strong>sacrificijs</strong></span> <span class='ocrx_word' id='word_1_134' title='bbox 1356 2510 1550 2559; x_wconf 86' lang='lat' dir='ltr'><strong>efficitur,</strong></span> <span class='ocrx_word' id='word_1_135' title='bbox 1576 2511 1647 2551; x_wconf 89' lang='lat' dir='ltr'><strong>sed</strong></span> 
     </span>
     <span class='ocr_line' id='line_1_22' title="bbox 113 2578 1647 2634; baseline 0.001 -15"><span class='ocrx_word' id='word_1_136' title='bbox 113 2580 246 2620; x_wconf 85' lang='lat' dir='ltr'><strong>etiam</strong></span> <span class='ocrx_word' id='word_1_137' title='bbox 277 2581 492 2633; x_wconf 85' lang='lat' dir='ltr'><strong>precibus,</strong></span> <span class='ocrx_word' id='word_1_138' title='bbox 522 2595 621 2634; x_wconf 84' lang='lat' dir='ltr'><strong>quae</strong></span> <span class='ocrx_word' id='word_1_139' title='bbox 649 2579 674 2620; x_wconf 74' lang='lat' dir='ltr'><strong>a</strong></span> <span class='ocrx_word' id='word_1_140' title='bbox 701 2581 775 2633; x_wconf 89' lang='lat' dir='ltr'><strong>pio</strong></span> <span class='ocrx_word' id='word_1_141' title='bbox 805 2580 935 2620; x_wconf 89' lang='lat' dir='ltr'><strong>corde</strong></span> <span class='ocrx_word' id='word_1_142' title='bbox 967 2578 1308 2633; x_wconf 88' lang='lat' dir='ltr'><strong>proficiscantur,</strong></span> <span class='ocrx_word' id='word_1_143' title='bbox 1335 2579 1442 2619; x_wconf 86' lang='lat' dir='ltr'><strong>teste</strong></span> <span class='ocrx_word' id='word_1_144' title='bbox 1471 2580 1647 2629; x_wconf 87' lang='lat' dir='ltr'><strong>Iacobo,</strong></span> 
     </span>
     <span class='ocr_line' id='line_1_23' title="bbox 113 2647 1647 2702; baseline 0.001 -15"><span class='ocrx_word' id='word_1_145' title='bbox 113 2648 187 2701; x_wconf 89' lang='lat' dir='ltr'><strong>qui</strong></span> <span class='ocrx_word' id='word_1_146' title='bbox 215 2662 295 2688; x_wconf 89' lang='lat' dir='ltr'><strong>nos</strong></span> <span class='ocrx_word' id='word_1_147' title='bbox 323 2649 378 2689; x_wconf 85' lang='lat' dir='ltr'><strong>ad</strong></span> <span class='ocrx_word' id='word_1_148' title='bbox 407 2649 678 2702; x_wconf 86' lang='lat' dir='ltr'><strong>precandum</strong></span> <span class='ocrx_word' id='word_1_149' title='bbox 701 2648 948 2697; x_wconf 87' lang='lat' dir='ltr'><strong>cohortans,</strong></span> <span class='ocrx_word' id='word_1_150' title='bbox 978 2647 1115 2689; x_wconf 87' lang='lat' dir='ltr'><strong>Orate</strong></span> <span class='ocrx_word' id='word_1_151' title='bbox 1147 2647 1325 2701; x_wconf 87' lang='lat' dir='ltr'><strong>(inquit)</strong></span> <span class='ocrx_word' id='word_1_152' title='bbox 1353 2662 1432 2700; x_wconf 90' lang='lat' dir='ltr'><strong>pro</strong></span> <span class='ocrx_word' id='word_1_153' title='bbox 1459 2648 1647 2688; x_wconf 89' lang='lat' dir='ltr'><strong>inuicem</strong></span> 
     </span>
     <span class='ocr_line' id='line_1_24' title="bbox 112 2717 1647 2769; baseline 0.001 -12"><span class='ocrx_word' id='word_1_154' title='bbox 112 2723 160 2757; x_wconf 89' lang='lat' dir='ltr'><strong>vt</strong></span> <span class='ocrx_word' id='word_1_155' title='bbox 202 2717 437 2758; x_wconf 87' lang='lat' dir='ltr'><strong>saluemini.</strong></span> <span class='ocrx_word' id='word_1_156' title='bbox 488 2718 677 2758; x_wconf 89' lang='lat' dir='ltr'><strong>multum</strong></span> <span class='ocrx_word' id='word_1_157' title='bbox 723 2718 839 2758; x_wconf 86' lang='lat' dir='ltr'><strong>enirn</strong></span> <span class='ocrx_word' id='word_1_158' title='bbox 880 2717 999 2757; x_wconf 86' lang='lat' dir='ltr'><strong>valet</strong></span> <span class='ocrx_word' id='word_1_159' title='bbox 1042 2717 1294 2769; x_wconf 87' lang='lat' dir='ltr'><strong>deprecatio</strong></span> <span class='ocrx_word' id='word_1_160' title='bbox 1336 2717 1430 2757; x_wconf 85' lang='lat' dir='ltr'><strong>iusti</strong></span> <span class='ocrx_word' id='word_1_161' title='bbox 1473 2717 1647 2758; x_wconf 78' lang='lat' dir='ltr'><strong>assidua.</strong></span> 
     </span>
     <span class='ocr_line' id='line_1_25' title="bbox 114 2785 1649 2839; baseline 0.001 -14"><span class='ocrx_word' id='word_1_162' title='bbox 114 2785 271 2825; x_wconf 82' lang='lat' dir='ltr'><strong>Altera</strong></span> <span class='ocrx_word' id='word_1_163' title='bbox 312 2786 438 2826; x_wconf 88' lang='lat' dir='ltr'><strong>causa</strong></span> <span class='ocrx_word' id='word_1_164' title='bbox 484 2786 555 2834; x_wconf 86' lang='lat' dir='ltr'><strong>est,</strong></span> <span class='ocrx_word' id='word_1_165' title='bbox 598 2792 645 2826; x_wconf 86' lang='lat' dir='ltr'><strong>vt</strong></span> <span class='ocrx_word' id='word_1_166' title='bbox 687 2787 761 2839; x_wconf 90' lang='lat' dir='ltr'><strong>qui</strong></span> <span class='ocrx_word' id='word_1_167' title='bbox 804 2785 972 2839; x_wconf 88' lang='lat' dir='ltr'><strong>reliquo</strong></span> <span class='ocrx_word' id='word_1_168' title='bbox 1014 2785 1179 2839; x_wconf 88' lang='lat' dir='ltr'><strong>populo</strong></span> <span class='ocrx_word' id='word_1_169' title='bbox 1227 2785 1438 2838; x_wconf 77' lang='lat' dir='ltr'><strong>exemplo</strong></span> <span class='ocrx_word' id='word_1_170' title='bbox 1485 2787 1649 2826; x_wconf 85' lang='lat' dir='ltr'><strong>debent</strong></span> 
     </span>
     <span class='ocr_line' id='line_1_26' title="bbox 115 2853 1648 2908; baseline 0.001 -14"><span class='ocrx_word' id='word_1_171' title='bbox 115 2855 196 2895; x_wconf 87' lang='lat' dir='ltr'><strong>esse</strong></span> <span class='ocrx_word' id='word_1_172' title='bbox 229 2855 413 2904; x_wconf 85' lang='lat' dir='ltr'><strong>virtutis,</strong></span> <span class='ocrx_word' id='word_1_173' title='bbox 447 2862 490 2896; x_wconf 92' lang='lat' dir='ltr'><strong>et</strong></span> <span class='ocrx_word' id='word_1_174' title='bbox 523 2853 834 2904; x_wconf 65' lang='lat' dir='ltr'><strong>sanfflzimoniae,</strong></span> <span class='ocrx_word' id='word_1_175' title='bbox 866 2856 1027 2895; x_wconf 77' lang='lat' dir='ltr'><strong>assidua</strong></span> <span class='ocrx_word' id='word_1_176' title='bbox 1060 2855 1314 2908; x_wconf 87' lang='lat' dir='ltr'><strong>precatione</strong></span> <span class='ocrx_word' id='word_1_177' title='bbox 1348 2857 1481 2896; x_wconf 86' lang='lat' dir='ltr'><strong>deum</strong></span> <span class='ocrx_word' id='word_1_178' title='bbox 1516 2856 1648 2896; x_wconf 90' lang='lat' dir='ltr'><strong>collo-</strong></span> 
     </span>
    </p>
   </div>
   <div class='ocr_carea' id='block_1_5' title="bbox 208 2961 1553 2997">
    <p class='ocr_par' dir='ltr' id='par_1_6' title="bbox 208 2961 1553 2997">
     <span class='ocr_line' id='line_1_27' title="bbox 208 2961 1553 2997; baseline 0.001 -2"><span class='ocrx_word' id='word_1_179' title='bbox 208 2961 216 2981; x_wconf 87' lang='lat'>¹</span> <span class='ocrx_word' id='word_1_180' title='bbox 246 2963 421 2996; x_wconf 80' lang='lat' dir='ltr'>PRESB.</span> <span class='ocrx_word' id='word_1_181' title='bbox 456 2975 462 2997; x_wconf 87' lang='lat'>:</span> <span class='ocrx_word' id='word_1_182' title='bbox 491 2964 532 2997; x_wconf 88' lang='lat' dir='ltr'><strong>R.</strong></span> <span class='ocrx_word' id='word_1_183' title='bbox 554 2964 595 2997; x_wconf 84' lang='lat' dir='ltr'><strong>A.</strong></span> <span class='ocrx_word' id='word_1_184' title='bbox 797 2964 809 2984; x_wconf 73' lang='lat'>2</span> <span class='ocrx_word' id='word_1_185' title='bbox 836 2963 872 2996; x_wconf 89' lang='lat' dir='ltr'><strong>in</strong></span> <span class='ocrx_word' id='word_1_186' title='bbox 899 2975 991 2997; x_wconf 52' lang='lat' dir='ltr'><strong>:cmm</strong></span> <span class='ocrx_word' id='word_1_187' title='bbox 1012 2964 1054 2997; x_wconf 80' lang='lat' dir='ltr'><strong>A.</strong></span> <span class='ocrx_word' id='word_1_188' title='bbox 1271 2964 1283 2983; x_wconf 69' lang='lat'><strong>³</strong></span> <span class='ocrx_word' id='word_1_189' title='bbox 1310 2969 1369 2997; x_wconf 87' lang='lat' dir='ltr'><strong>vt:</strong></span> <span class='ocrx_word' id='word_1_190' title='bbox 1395 2965 1493 2997; x_wconf 77' lang='lat' dir='ltr'><strong>mm&#39;l.</strong></span> <span class='ocrx_word' id='word_1_191' title='bbox 1516 2965 1553 2997; x_wconf 87' lang='grc' dir='ltr'><strong>Ρ.</strong></span> 
     </span>
    </p>
   </div>
  </div>
 </body>
</html>
