1981 3248
580 168 644 199 IN
667 168 822 199 FESTO
853 166 1220 198 PENTECOSTES.
1689 147 1745 199 69

70 246 115 291 ΕΙ
142 243 215 284 Ex
239 244 284 283 E
276 243 433 297 pistola
456 243 608 296 prima
643 244 784 284 Paula·
813 243 876 284 ad
942 245 987 290 εἷ
1011 242 1241 283 Domz'm'ca
1256 240 1511 294 pentecostes.
1571 241 1743 282 Inuita-

188 300 433 343 Corinthios
445 300 469 343 ¹.
528 301 675 342 Leffio
696 301 754 354 ‚2'J.

163 390 200 430 E
226 389 420 431 collecffis
449 397 598 431 autem
630 405 730 445 quae
760 390 871 431 fiunt

193 449 236 488 in
274 448 711 490 san&os...omnibus
745 449 871 490 vobis

66 505 110 545 in
135 505 304 547 Christo
328 506 437 548 Iesu.
498 506 662 547 Amen.

70 650 114 695 ΕΙ
145 648 199 688 In
231 649 388 702 vzgz'lz'a
413 649 667 703 Pentecostes
693 649 757 690 ad
783 650 872 702 ves-

258 714 400 759 peras.
463 708 518 748 H
504 721 679 759 ymnus

82 796 103 849 ‘je
117 792 183 850 ³533}
209 796 294 837 Eni
312 803 482 837 creator
503 797 674 850 spiritus
698 797 873 837 Mentes

84 835 182 889 {52³3
235 861 412 895 tuorum
444 855 566 895 vifita
592 869 600 895 :
631 855 775 908 Imple
807 855 872 895 su-

71 929 207 968 perna
228 913 371 967 gratia
394 912 507 966 Quae
529 918 577 953 tu
600 913 749 953 creasti
773 927 872 966 pec-

70 979 178 1013 tora.

129 1030 217 1083 Qui
258 1027 506 1082 paracletus
548 1028 724 1069 diceris:
779 1028 872 1068 Do-

71 1102 177 1128 num
213 1088 284 1128 dei
321 1086 530 1127 altisfimi:
574 1086 693 1126 Fons
733 1086 872 1134 viuus,

70 1147 196 1198 ignis,
257 1144 448 1185 charitas
472 1159 479 1183 :
542 1144 603 1184 Et
668 1143 871 1198 spiritalis

70 1201 230 1244 vnfftio.

129 1261 198 1301 Tu
231 1259 492 1313 septiformis
530 1273 720 1309 munere,
748 1259 874 1299 Dex-

71 1325 150 1359 trae
180 1319 250 1359 dei
276 1324 324 1358 tu
354 1318 538 1370 digitus:
570 1318 639 1357 Tu
666 1318 748 1357 rite
776 1330 875 1369 pro-

72 1376 195 1416 misso
252 1376 389 1428 patris
451 1375 665 1416 Sermone
726 1376 874 1415 ditans

74 1440 266 1487 guttura.

131 1490 343 1531 Accende
375 1490 524 1530 lumen
558 1490 763 1531 sensibus:
802 1490 875 1529 In-

73 1549 207 1589 funde
229 1562 424 1588 amorem
443 1548 647 1588 cordibus
668 1547 875 1588 :Infirma

72 1606 205 1646 nostri
247 1606 440 1659 corporis
476 1606 653 1646 Virtute
694 1605 875 1645 firmans

73 1664 303 1717 perpetim.

133 1721 317 1762 Hostem
347 1719 531 1773 repellas
561 1720 735 1774 longius
762 1734 769 1760 :
794 1720 876 1760 Pa-

72 1793 255 1832 cemque
273 1780 408 1819 dones
431 1778 629 1831 protinus
651 1792 659 1818 :
678 1776 875 1818 Duffitore

74 1837 128 1876 fic
145 1843 189 1877 te
208 1837 374 1890 praeuio
392 1837 597 1878 Vitemus
615 1849 745 1876 omne
763 1849 875 1875 nox-

77 1909 178 1935 lum.

132 1952 214 1992 Per
249 1957 293 1992 te
337 1951 522 1992 sciamus
572 1951 631 1992 da
680 1956 872 2004 patrem:

76 2009 319 2050 Noscamus
381 2016 514 2062 atque
572 2009 711 2049 filium
735 2024 742 2048 :
808 2009 875 2048 Te

75 2067 294 2120 Vtriusque
353 2067 551 2120 spiritum
625 2066 872 2108 Credamus

77 2125 197 2165 omni
220 2132 432 2177 tempore.

134 2182 283 2223 Gloria
301 2182 414 2235 patri
432 2181 633 2222 domino:
664 2181 875 2234 Natoque

75 2240 148 2293 qui
175 2239 200 2280 a
226 2240 410 2280 mortuis
441 2239 654 2287 Surrexit,
677 2253 728 2279 ac
750 2253 874 2291 para-

84 2298 198 2338 cleto
218 2298 270 2337 In
289 2297 529 2338 seculorum
545 2296 696 2337 secula.
715 2296 875 2336 Amen.

398 2387 562 2429 Oratio.

84 2475 262 2556 DEus
296 2474 371 2527 qui
409 2473 622 2514 hodierna
664 2473 735 2513 die
772 2472 878 2512 fide-

204 2532 310 2571 lium
349 2531 496 2572 Corda
537 2529 670 2571 santfti
705 2531 877 2583 spiritus

78 2589 362 2629 illustratione
384 2588 586 2629 docuisti:
618 2589 674 2629 da
689 2588 816 2628 nobis
833 2588 875 2628 in

79 2648 233 2687 eodem
259 2647 407 2699 spiritu
433 2645 551 2687 reffita
574 2646 733 2699 sapere,
756 2651 799 2686 et
822 2646 877 2685 de

79 2705 169 2744 eius
211 2705 378 2756 semper
427 2703 722 2744 consolatione
770 2716 876 2755 gau-

79 2762 203 2802 dere:
235 2775 320 2814 per.
345 2762 385 2801 in
410 2762 576 2802 vnitate
599 2759 822 2801 eiusdem2.

149 2906 153 2925 ¹
186 2907 246 2939 Czt.
275 2907 311 2939 16
331 2907 369 2939 [sc
390 2918 435 2940 m.
455 2905 539 2950 [xvi.
566 2905 702 2949 1—<24.]

149 2954 160 2972 '-'
187 2953 361 2987 ciusdem:
380 2955 477 2986 asm'l.
499 2954 540 2988 A.

1259 298 1429 340 terium.

987 390 1285 432 Alleluia.
1349 389 1541 442 Spiritus
1574 389 1743 430 domini

958 441 1058 489 (ἒῖ)
1107 448 1294 502 repleuit
1329 448 1483 488 orbem
1528 453 1744 487 terrarum

940 509 1105 548 Venite
1182 507 1427 546 adoremus.
1507 504 1744 544 Halleluia.

942 566 1038 606 Hoc
1065 564 1384 605 Innz‘tatorz'nm
1419 562 1527 605 Cum
1559 561 1744 615 hymnis.

944 623 1041 663 Iam
1080 622 1273 663 Christus
1310 621 1432 661 astra.
1477 620 1541 660 ad
1567 619 1746 660 matzatz·-

941 695 1046 721 mtm
1067 687 1108 721 et
1125 680 1239 720 Veni
1257 679 1450 720 Creator.
1481 677 1544 718 ad
1555 677 1745 729 vesperas

942 739 1149 779 dicuntur
1177 737 1303 790 qsque
1332 736 1396 776 ad
1413 735 1646 788 sabbatum
1678 735 1744 775 in-

942 796 1094 849 clnfine
1110 794 1124 814 ³
1152 795 1234 847 m'st
1263 800 1456 835 occurrat
1471 793 1635 846 festum
1666 791 1745 832 dn-

932 854 1046 907 plex,
1069 853 1114 906 fi
1153 859 1297 893 autem
1339 857 1533 892 occurrat
1562 850 1747 903 stmplex

941 911 1110 952 habebit
1135 916 1305 951 tantum
1333 909 1505 950 tertiam
1531 908 1745 949 [eddonem

941 976 982 1010 et
1001 968 1118 1010 nillil
1132 966 1264 1009 aliud.
1325 966 1382 1008 H
1367 980 1540 1019 ymnus

997 1087 1087 1127 Am
1112 1067 1305 1128 Christus
1327 1084 1458 1125 Astra
1480 1085 1745 1133 ascenderat,

1028 1144 1246 1185 Reuersus
1268 1144 1385 1184 vnde
1406 1148 1605 1183 venerat:
1643 1143 1744 1182 Pro-

943 1203 1115 1243 missum
1147 1202 1285 1255 patris
1317 1214 1497 1241 munere
1528 1198 1743 1242 Sancfmm

941 1261 1125 1301 daturus
1147 1260 1358 1313 spiritum.

1003 1318 1208 1360 Solennis
1259 1316 1445 1369 vrgebat
1488 1315 1592 1365 dies,
1637 1315 1740 1368 Quo

946 1376 1128 1429 mystico
1154 1374 1438 1428 septemplici,
1462 1374 1594 1415 Orbis
1621 1373 1746 1414 volu-

944 1440 1016 1474 tus
1035 1432 1374 1486 septieS,Signat
1387 1431 1519 1471 beata
1532 1438 1745 1484 tempora.

1004 1492 1127 1531 Dum
1156 1490 1266 1530 hora
1295 1486 1463 1532 eunetis
1494 1489 1625 1529 tertia
1659 1489 1747 1528 Re-

944 1555 1078 1602 pente
1112 1548 1303 1589 mundus
1338 1547 1530 1587 intonat:
1568 1546 1745 1587 Oranti-

944 1608 1025 1647 bus
1048 1605 1253 1659 apostolis
1281 1605 1429 1645 Deum
1451 1603 1612 1644 venisse
1635 1617 1746 1644 nun-

944 1665 1042 1705 ciat.

1004 1722 1073 1762 De
1090 1721 1225 1775 patris
1243 1733 1347 1772 ergo
1366 1719 1532 1759 lumine
1548 1719 1745 1759 Decorus

946 1780 1059 1832 ignis
1088 1779 1230 1819 almus
1260 1777 1320 1818 est
1344 1792 1352 1818 :
1375 1777 1463 1829 Qui
1487 1776 1574 1817 fida
1601 1776 1745 1816 christi

944 1835 1124 1892 pefitora
1149 1835 1307 1877 Calore
1327 1835 1448 1876 verbi
1471 1833 1705 1888 compleat.

1006 1894 1199 1947 Impleta
1224 1893 1423 1947 gaudent
1448 1892 1609 1932 viscera
1634 1907 1641 1932 :
1665 1891 1749 1932 Af-

945 1953 1051 1993 fiata
1074 1951 1222 1993 famoso
1245 1951 1393 2004 spiritu
1413 1950 1582 1990 :Voces
1605 1950 1748 1990 diuer-

946 2011 1011 2050 sas
1041 2011 1248 2050 intonant
1281 2024 1289 2049 :
1322 2008 1490 2048 Fantur
1521 2007 1591 2047 dei
1623 2021 1746 2061 mag-

944 2068 1071 2109 nalia.

1006 2126 1079 2165 Ex
1101 2124 1222 2165 omni
1249 2129 1381 2177 gente
1407 2122 1573 2176 cogniti
1596 2138 1604 2162 :
1627 2121 1748 2163 Grae-

946 2183 1019 2231 cis,
1039 2183 1200 2231 latinis,
1223 2181 1420 2222 barbaris
1450 2194 1457 2221 :
1480 2178 1747 2233 Cmffitisque

946 2240 1290 2282 admirantibus:
1309 2238 1493 2291 Linguis
1508 2237 1749 2291 loquuntur

946 2299 1156 2339 omnium.

1006 2356 1159 2396 Iudaea
1181 2360 1286 2395 tunc
1304 2352 1531 2393 incredula
1548 2351 1748 2393 :Vesana

946 2419 1074 2454 toruo
1092 2413 1241 2466 spiritu
1261 2427 1269 2452 :
1288 2409 1482 2452 Ruc‘tare
1505 2409 1632 2450 musti
1654 2423 1747 2450 cra-

946 2471 1096 2525 pulam
1129 2469 1352 2510 Alumnos
1384 2467 1540 2509 Christi
1572 2481 1748 2508 concre-

979 2535 1035 2569 at.

946 2543 975 2583 p
1006 2586 1095 2628 Sed
1125 2584 1266 2637 signis,
1295 2589 1338 2624 et
1367 2582 1603 2624 virtutibus
1628 2596 1636 2623 :
1661 2581 1748 2624 Oc-

946 2644 1090 2689 currit,
1110 2649 1153 2683 et
1176 2643 1305 2682 docet
1329 2642 1482 2681 Petrus
1507 2640 1631 2681 Falsa
1649 2654 1748 2693 pro-

947 2701 1026 2741 fari
1049 2700 1251 2754 perfidos,
1277 2698 1396 2739 Ioele
1419 2698 1525 2738 teste
1547 2712 1748 2752 compro-

950 2760 1072 2800 bans.

1017 2905 1028 2923 r:
1056 2903 1233 2938 ext-lmine
1259 2914 1264 2936 :
1292 2903 1333 2935 R.
1355 2902 1394 2934 [sc
1419 2904 1520 2935 Α’,ι-ίιι
1547 2911 1553 2933 ;
1578 2899 1750 2934 inclusnic

946 2953 985 2985 m
1005 2951 1131 2985 labala
1150 2953 1367 2983 ustularlzsn.
