<?xml version="1.0" encoding="UTF-8"?>
<!DOCTYPE html PUBLIC "-//W3C//DTD XHTML 1.0 Transitional//EN"
    "http://www.w3.org/TR/xhtml1/DTD/xhtml1-transitional.dtd">
<html xmlns="http://www.w3.org/1999/xhtml" xml:lang="en" lang="en">
 <head>
  <title>
</title>
<meta http-equiv="Content-Type" content="text/html;charset=utf-8" />
  <meta name='ocr-system' content='tesseract 3.04.00' />
  <meta name='ocr-capabilities' content='ocr_page ocr_carea ocr_par ocr_line ocrx_word'/>
</head>
<body>
  <div class='ocr_page' id='page_1' title='image "./breviariumromanu00cath/breviariumromanu00cath_0033.png"; bbox 0 0 1916 3243; ppageno 0'>
   <div class='ocr_carea' id='block_1_1' title="bbox 789 165 916 205">
    <p class='ocr_par' dir='ltr' id='par_1_1' title="bbox 789 165 916 205">
     <span class='ocr_line' id='line_1_1' title="bbox 789 165 916 205; baseline -0.008 0"><span class='ocrx_word' id='word_1_1' title='bbox 789 165 916 205; x_wconf 70' lang='lat' dir='ltr'>xxvii</span> 
     </span>
    </p>
   </div>
   <div class='ocr_carea' id='block_1_2' title="bbox 151 322 1567 438">
    <p class='ocr_par' dir='ltr' id='par_1_2' title="bbox 151 322 1567 438">
     <span class='ocr_line' id='line_1_2' title="bbox 151 322 1567 364; baseline -0.001 -1"><span class='ocrx_word' id='word_1_2' title='bbox 151 322 455 363; x_wconf 72' lang='lat' dir='ltr'>REGVLAE</span> <span class='ocrx_word' id='word_1_3' title='bbox 491 322 875 364; x_wconf 75' lang='lat' dir='ltr'>GENERALES</span> <span class='ocrx_word' id='word_1_4' title='bbox 909 322 999 362; x_wconf 77' lang='lat' dir='ltr'>AD</span> <span class='ocrx_word' id='word_1_5' title='bbox 1036 322 1567 364; x_wconf 76' lang='lat' dir='ltr'>INSTRVCTIONEM</span> 
     </span>
     <span class='ocr_line' id='line_1_3' title="bbox 603 396 1110 438; baseline -0.002 0"><span class='ocrx_word' id='word_1_6' title='bbox 603 396 841 438; x_wconf 82' lang='lat' dir='ltr'>OFFICII</span> <span class='ocrx_word' id='word_1_7' title='bbox 887 397 1110 438; x_wconf 85' lang='lat' dir='ltr'>DIVINI.</span> 
     </span>
    </p>
   </div>
   <div class='ocr_carea' id='block_1_3' title="bbox 70 494 1622 1993">
    <p class='ocr_par' dir='ltr' id='par_1_3' title="bbox 70 494 1621 618">
     <span class='ocr_line' id='line_1_4' title="bbox 172 494 1621 548; baseline -0.001 -13"><span class='ocrx_word' id='word_1_8' title='bbox 172 500 216 545; x_wconf 62' lang='grc' dir='ltr'>(Ι</span> <span class='ocrx_word' id='word_1_9' title='bbox 253 495 468 546; x_wconf 70' lang='lat' dir='ltr'>Quomodo</span> <span class='ocrx_word' id='word_1_10' title='bbox 499 496 687 536; x_wconf 76' lang='lat' dir='ltr'>dicendce</span> <span class='ocrx_word' id='word_1_11' title='bbox 703 495 813 547; x_wconf 63' lang='lat' dir='ltr'>fimf</span> <span class='ocrx_word' id='word_1_12' title='bbox 842 495 964 544; x_wconf 69' lang='lat' dir='ltr'>lloroe,</span> <span class='ocrx_word' id='word_1_13' title='bbox 997 502 1038 535; x_wconf 80' lang='lat' dir='ltr'>et</span> <span class='ocrx_word' id='word_1_14' title='bbox 1068 495 1113 535; x_wconf 65' lang='lat'>2¹72</span> <span class='ocrx_word' id='word_1_15' title='bbox 1143 509 1223 547; x_wconf 75' lang='lat' dir='ltr'>qno</span> <span class='ocrx_word' id='word_1_16' title='bbox 1253 494 1443 548; x_wconf 75' lang='lat' dir='ltr'>confistat</span> <span class='ocrx_word' id='word_1_17' title='bbox 1480 494 1621 534; x_wconf 69' lang='lat' dir='ltr'>diaer-</span> 
     </span>
     <span class='ocr_line' id='line_1_5' title="bbox 70 563 346 618; baseline 0.004 -14"><span class='ocrx_word' id='word_1_18' title='bbox 70 563 185 616; x_wconf 81' lang='lat' dir='ltr'>sttas</span> <span class='ocrx_word' id='word_1_19' title='bbox 213 565 346 618; x_wconf 81' lang='lat' dir='ltr'><em>officz&#39;j.</em></span> 
     </span>
    </p>

    <p class='ocr_par' dir='ltr' id='par_1_4' title="bbox 77 628 1622 1993">
     <span class='ocr_line' id='line_1_6' title="bbox 169 628 1622 683; baseline -0.004 -10"><span class='ocrx_word' id='word_1_20' title='bbox 169 631 212 675; x_wconf 54' lang='lat' dir='ltr'>&amp;l</span> <span class='ocrx_word' id='word_1_21' title='bbox 235 633 358 672; x_wconf 85' lang='lat' dir='ltr'>Ante</span> <span class='ocrx_word' id='word_1_22' title='bbox 382 633 531 672; x_wconf 87' lang='lat' dir='ltr'>omnia</span> <span class='ocrx_word' id='word_1_23' title='bbox 554 632 775 672; x_wconf 87' lang='lat' dir='ltr'>sciendum</span> <span class='ocrx_word' id='word_1_24' title='bbox 800 631 871 679; x_wconf 86' lang='lat' dir='ltr'>est,</span> <span class='ocrx_word' id='word_1_25' title='bbox 891 631 1008 683; x_wconf 84' lang='lat' dir='ltr'>quod</span> <span class='ocrx_word' id='word_1_26' title='bbox 1029 644 1182 670; x_wconf 86' lang='lat' dir='ltr'>omnes</span> <span class='ocrx_word' id='word_1_27' title='bbox 1200 629 1319 669; x_wconf 73' lang='lat' dir='ltr'>horae</span> <span class='ocrx_word' id='word_1_28' title='bbox 1342 628 1622 682; x_wconf 86' lang='lat' dir='ltr'>incipiuntur,</span> 
     </span>
     <span class='ocr_line' id='line_1_7' title="bbox 83 698 1618 754; baseline -0.003 -14"><span class='ocrx_word' id='word_1_29' title='bbox 83 706 126 740; x_wconf 87' lang='lat' dir='ltr'>et</span> <span class='ocrx_word' id='word_1_30' title='bbox 154 702 446 741; x_wconf 74' lang='lat' dir='ltr'>terminantur</span> <span class='ocrx_word' id='word_1_31' title='bbox 474 715 551 754; x_wconf 89' lang='lat' dir='ltr'>per</span> <span class='ocrx_word' id='word_1_32' title='bbox 572 707 716 740; x_wconf 86' lang='lat' dir='ltr'>totum</span> <span class='ocrx_word' id='word_1_33' title='bbox 741 714 919 749; x_wconf 86' lang='lat' dir='ltr'>annum,</span> <span class='ocrx_word' id='word_1_34' title='bbox 942 700 1322 752; x_wconf 78' lang='lat' dir='ltr'>quemadmodum</span> <span class='ocrx_word' id='word_1_35' title='bbox 1346 698 1618 751; x_wconf 80' lang='lat' dir='ltr'>explicatum</span> 
     </span>
     <span class='ocr_line' id='line_1_8' title="bbox 82 765 1620 823; baseline -0.003 -13"><span class='ocrx_word' id='word_1_36' title='bbox 82 770 142 811; x_wconf 86' lang='lat' dir='ltr'>est</span> <span class='ocrx_word' id='word_1_37' title='bbox 183 771 226 810; x_wconf 89' lang='lat' dir='ltr'>in</span> <span class='ocrx_word' id='word_1_38' title='bbox 264 770 538 823; x_wconf 60' lang='lat' dir='ltr'>praefatione,</span> <span class='ocrx_word' id='word_1_39' title='bbox 576 776 618 809; x_wconf 88' lang='lat' dir='ltr'>et</span> <span class='ocrx_word' id='word_1_40' title='bbox 661 770 703 808; x_wconf 90' lang='lat' dir='ltr'>in</span> <span class='ocrx_word' id='word_1_41' title='bbox 738 768 961 809; x_wconf 90' lang='lat' dir='ltr'>dominica</span> <span class='ocrx_word' id='word_1_42' title='bbox 999 768 1140 821; x_wconf 90' lang='lat' dir='ltr'>prima</span> <span class='ocrx_word' id='word_1_43' title='bbox 1178 769 1408 808; x_wconf 87' lang='lat' dir='ltr'>aduentus.</span> <span class='ocrx_word' id='word_1_44' title='bbox 1442 766 1511 806; x_wconf 89' lang='lat' dir='ltr'>fol.</span> <span class='ocrx_word' id='word_1_45' title='bbox 1547 765 1620 817; x_wconf 81' lang='lat'>76¹</span> 
     </span>
     <span class='ocr_line' id='line_1_9' title="bbox 85 836 1620 890; baseline -0.003 -12"><span class='ocrx_word' id='word_1_46' title='bbox 85 840 199 879; x_wconf 88' lang='lat' dir='ltr'>Item</span> <span class='ocrx_word' id='word_1_47' title='bbox 237 838 356 890; x_wconf 88' lang='lat' dir='ltr'>quod</span> <span class='ocrx_word' id='word_1_48' title='bbox 395 838 450 877; x_wconf 90' lang='lat' dir='ltr'>ad</span> <span class='ocrx_word' id='word_1_49' title='bbox 486 837 675 890; x_wconf 74' lang='lat' dir='ltr'>singulas</span> <span class='ocrx_word' id='word_1_50' title='bbox 712 837 842 877; x_wconf 90' lang='lat' dir='ltr'>horas</span> <span class='ocrx_word' id='word_1_51' title='bbox 885 838 1092 877; x_wconf 89' lang='lat' dir='ltr'>dicuntur</span> <span class='ocrx_word' id='word_1_52' title='bbox 1127 836 1279 889; x_wconf 74' lang='lat' dir='ltr'>singuli</span> <span class='ocrx_word' id='word_1_53' title='bbox 1321 836 1475 889; x_wconf 78' lang='lat' dir='ltr'>hymni</span> <span class='ocrx_word' id='word_1_54' title='bbox 1518 841 1620 875; x_wconf 88' lang='lat' dir='ltr'>ante</span> 
     </span>
     <span class='ocr_line' id='line_1_10' title="bbox 82 904 1617 959; baseline -0.001 -14"><span class='ocrx_word' id='word_1_55' title='bbox 82 906 281 959; x_wconf 86' lang='lat' dir='ltr'>psalmos.</span> <span class='ocrx_word' id='word_1_56' title='bbox 344 905 419 944; x_wconf 82' lang='lat' dir='ltr'>Ad</span> <span class='ocrx_word' id='word_1_57' title='bbox 459 905 612 945; x_wconf 87' lang='lat' dir='ltr'>laudes</span> <span class='ocrx_word' id='word_1_58' title='bbox 650 911 797 944; x_wconf 85' lang='lat' dir='ltr'>autem</span> <span class='ocrx_word' id='word_1_59' title='bbox 839 918 927 944; x_wconf 91' lang='lat' dir='ltr'>non</span> <span class='ocrx_word' id='word_1_60' title='bbox 964 905 1124 944; x_wconf 90' lang='lat' dir='ltr'>dicitur</span> <span class='ocrx_word' id='word_1_61' title='bbox 1159 904 1363 957; x_wconf 81' lang='lat' dir='ltr'>hymnus,</span> <span class='ocrx_word' id='word_1_62' title='bbox 1395 904 1499 956; x_wconf 84' lang='lat' dir='ltr'>quia</span> <span class='ocrx_word' id='word_1_63' title='bbox 1531 917 1617 943; x_wconf 87' lang='lat' dir='ltr'>non</span> 
     </span>
     <span class='ocr_line' id='line_1_11' title="bbox 81 972 1621 1026; baseline -0.003 -12"><span class='ocrx_word' id='word_1_64' title='bbox 81 975 188 1015; x_wconf 89' lang='lat' dir='ltr'>hora</span> <span class='ocrx_word' id='word_1_65' title='bbox 220 974 398 1023; x_wconf 86' lang='lat' dir='ltr'>diuersa,</span> <span class='ocrx_word' id='word_1_66' title='bbox 424 974 494 1014; x_wconf 90' lang='lat' dir='ltr'>sed</span> <span class='ocrx_word' id='word_1_67' title='bbox 527 988 628 1026; x_wconf 88' lang='lat' dir='ltr'>pars</span> <span class='ocrx_word' id='word_1_68' title='bbox 661 974 867 1014; x_wconf 84' lang='lat' dir='ltr'>matutini</span> <span class='ocrx_word' id='word_1_69' title='bbox 901 979 1171 1026; x_wconf 86' lang='lat' dir='ltr'>reputantur.</span> <span class='ocrx_word' id='word_1_70' title='bbox 1236 972 1475 1013; x_wconf 76' lang='lat' dir='ltr'>Sciendum</span> <span class='ocrx_word' id='word_1_71' title='bbox 1509 985 1621 1024; x_wconf 66' lang='lat' dir='ltr'>prze-</span> 
     </span>
     <span class='ocr_line' id='line_1_12' title="bbox 81 1040 1618 1096; baseline -0.004 -12"><span class='ocrx_word' id='word_1_72' title='bbox 81 1050 211 1093; x_wconf 85' lang='lat' dir='ltr'>terea,</span> <span class='ocrx_word' id='word_1_73' title='bbox 234 1044 351 1096; x_wconf 81' lang='lat' dir='ltr'>quod</span> <span class='ocrx_word' id='word_1_74' title='bbox 385 1042 539 1095; x_wconf 87' lang='lat' dir='ltr'>psalmi</span> <span class='ocrx_word' id='word_1_75' title='bbox 572 1042 747 1095; x_wconf 78' lang='lat' dir='ltr'>singulis</span> <span class='ocrx_word' id='word_1_76' title='bbox 780 1042 936 1082; x_wconf 87' lang='lat' dir='ltr'>diebus</span> <span class='ocrx_word' id='word_1_77' title='bbox 968 1042 1024 1081; x_wconf 90' lang='lat' dir='ltr'>ad</span> <span class='ocrx_word' id='word_1_78' title='bbox 1058 1054 1211 1081; x_wconf 89' lang='lat' dir='ltr'>omnes</span> <span class='ocrx_word' id='word_1_79' title='bbox 1242 1040 1373 1080; x_wconf 86' lang='lat' dir='ltr'>horas</span> <span class='ocrx_word' id='word_1_80' title='bbox 1403 1040 1618 1079; x_wconf 80' lang='lat' dir='ltr'>dicuntur.</span> 
     </span>
     <span class='ocr_line' id='line_1_13' title="bbox 80 1110 1619 1166; baseline -0.004 -12"><span class='ocrx_word' id='word_1_81' title='bbox 80 1120 127 1154; x_wconf 89' lang='lat' dir='ltr'>vt</span> <span class='ocrx_word' id='word_1_82' title='bbox 159 1114 255 1154; x_wconf 90' lang='lat' dir='ltr'>sunt</span> <span class='ocrx_word' id='word_1_83' title='bbox 285 1113 503 1161; x_wconf 44' lang='lat' dir='ltr'>,distributi</span> <span class='ocrx_word' id='word_1_84' title='bbox 536 1113 579 1153; x_wconf 91' lang='lat' dir='ltr'>in</span> <span class='ocrx_word' id='word_1_85' title='bbox 613 1113 828 1166; x_wconf 84' lang='lat' dir='ltr'>psalterio,</span> <span class='ocrx_word' id='word_1_86' title='bbox 862 1118 906 1152; x_wconf 90' lang='lat' dir='ltr'>et</span> <span class='ocrx_word' id='word_1_87' title='bbox 939 1111 1134 1151; x_wconf 74' lang='lat' dir='ltr'>similiter</span> <span class='ocrx_word' id='word_1_88' title='bbox 1165 1111 1318 1164; x_wconf 87' lang='lat' dir='ltr'>prima,</span> <span class='ocrx_word' id='word_1_89' title='bbox 1356 1116 1399 1150; x_wconf 93' lang='lat' dir='ltr'>et</span> <span class='ocrx_word' id='word_1_90' title='bbox 1432 1110 1619 1149; x_wconf 88' lang='lat' dir='ltr'>secunda</span> 
     </span>
     <span class='ocr_line' id='line_1_14' title="bbox 81 1177 1619 1233; baseline -0.003 -12"><span class='ocrx_word' id='word_1_91' title='bbox 81 1180 223 1230; x_wconf 71' lang='lat' dir='ltr'>lec&#39;tio,</span> <span class='ocrx_word' id='word_1_92' title='bbox 247 1187 294 1222; x_wconf 89' lang='lat' dir='ltr'>vt</span> <span class='ocrx_word' id='word_1_93' title='bbox 316 1181 530 1233; x_wconf 68' lang='lat' dir='ltr'>dispositae</span> <span class='ocrx_word' id='word_1_94' title='bbox 554 1180 652 1220; x_wconf 87' lang='lat' dir='ltr'>sunt</span> <span class='ocrx_word' id='word_1_95' title='bbox 681 1181 724 1220; x_wconf 92' lang='lat' dir='ltr'>in</span> <span class='ocrx_word' id='word_1_96' title='bbox 758 1180 1026 1228; x_wconf 87' lang='lat' dir='ltr'>dominicali,</span> <span class='ocrx_word' id='word_1_97' title='bbox 1049 1179 1134 1219; x_wconf 83' lang='lat' dir='ltr'>fiue</span> <span class='ocrx_word' id='word_1_98' title='bbox 1157 1178 1311 1218; x_wconf 87' lang='lat' dir='ltr'>festum</span> <span class='ocrx_word' id='word_1_99' title='bbox 1336 1179 1511 1226; x_wconf 87' lang='lat' dir='ltr'>incidat,</span> <span class='ocrx_word' id='word_1_100' title='bbox 1535 1177 1619 1217; x_wconf 81' lang='lat' dir='ltr'>flue</span> 
     </span>
     <span class='ocr_line' id='line_1_15' title="bbox 80 1247 1620 1303; baseline -0.003 -12"><span class='ocrx_word' id='word_1_101' title='bbox 80 1265 180 1291; x_wconf 87' lang='lat' dir='ltr'>non.</span> <span class='ocrx_word' id='word_1_102' title='bbox 232 1251 573 1291; x_wconf 83' lang='lat' dir='ltr'>Aduertendum</span> <span class='ocrx_word' id='word_1_103' title='bbox 594 1250 775 1302; x_wconf 80' lang='lat' dir='ltr'>insuper,</span> <span class='ocrx_word' id='word_1_104' title='bbox 791 1250 908 1303; x_wconf 84' lang='lat' dir='ltr'>quod</span> <span class='ocrx_word' id='word_1_105' title='bbox 933 1249 1087 1301; x_wconf 87' lang='lat' dir='ltr'>hymni</span> <span class='ocrx_word' id='word_1_106' title='bbox 1111 1248 1308 1301; x_wconf 78' lang='lat' dir='ltr'>assignati</span> <span class='ocrx_word' id='word_1_107' title='bbox 1332 1248 1374 1287; x_wconf 89' lang='lat' dir='ltr'>in</span> <span class='ocrx_word' id='word_1_108' title='bbox 1398 1247 1620 1287; x_wconf 90' lang='lat' dir='ltr'>dominica</span> 
     </span>
     <span class='ocr_line' id='line_1_16' title="bbox 80 1318 1619 1374; baseline -0.003 -13"><span class='ocrx_word' id='word_1_109' title='bbox 80 1322 222 1374; x_wconf 88' lang='lat' dir='ltr'>prima</span> <span class='ocrx_word' id='word_1_110' title='bbox 259 1321 476 1361; x_wconf 87' lang='lat' dir='ltr'>aduentus</span> <span class='ocrx_word' id='word_1_111' title='bbox 513 1321 569 1360; x_wconf 91' lang='lat' dir='ltr'>ad</span> <span class='ocrx_word' id='word_1_112' title='bbox 613 1320 816 1359; x_wconf 78' lang='lat' dir='ltr'>Primam.</span> <span class='ocrx_word' id='word_1_113' title='bbox 860 1319 1067 1359; x_wconf 77' lang='lat' dir='ltr'>Tertiam.</span> <span class='ocrx_word' id='word_1_114' title='bbox 1112 1318 1310 1358; x_wconf 72' lang='lat' dir='ltr'>Sextam.</span> <span class='ocrx_word' id='word_1_115' title='bbox 1354 1318 1544 1365; x_wconf 87' lang='lat' dir='ltr'>Nonam,</span> <span class='ocrx_word' id='word_1_116' title='bbox 1576 1322 1619 1356; x_wconf 90' lang='lat' dir='ltr'>et</span> 
     </span>
     <span class='ocr_line' id='line_1_17' title="bbox 83 1385 1615 1441; baseline -0.004 -12"><span class='ocrx_word' id='word_1_117' title='bbox 83 1388 446 1441; x_wconf 87' lang='lat' dir='ltr'>Completorium,</span> <span class='ocrx_word' id='word_1_118' title='bbox 479 1401 649 1428; x_wconf 82' lang='lat' dir='ltr'>necnon</span> <span class='ocrx_word' id='word_1_119' title='bbox 684 1388 917 1427; x_wconf 89' lang='lat' dir='ltr'>orationes.</span> <span class='ocrx_word' id='word_1_120' title='bbox 952 1386 1145 1426; x_wconf 89' lang='lat' dir='ltr'>Domine</span> <span class='ocrx_word' id='word_1_121' title='bbox 1178 1386 1285 1425; x_wconf 82' lang='lat' dir='ltr'>deus</span> <span class='ocrx_word' id='word_1_122' title='bbox 1323 1385 1615 1437; x_wconf 85' lang='lat' dir='ltr'>omnipotens.</span> 
     </span>
     <span class='ocr_line' id='line_1_18' title="bbox 80 1455 1613 1512; baseline -0.004 -13"><span class='ocrx_word' id='word_1_123' title='bbox 80 1460 135 1499; x_wconf 88' lang='lat' dir='ltr'>ad</span> <span class='ocrx_word' id='word_1_124' title='bbox 171 1460 370 1512; x_wconf 87' lang='lat' dir='ltr'>primam,</span> <span class='ocrx_word' id='word_1_125' title='bbox 404 1465 447 1497; x_wconf 85' lang='lat' dir='ltr'>et</span> <span class='ocrx_word' id='word_1_126' title='bbox 470 1457 605 1497; x_wconf 79' lang='lat' dir='ltr'>Visita</span> <span class='ocrx_word' id='word_1_127' title='bbox 637 1457 895 1510; x_wconf 71' lang='lat' dir='ltr'>quaesumus.</span> <span class='ocrx_word' id='word_1_128' title='bbox 929 1457 984 1496; x_wconf 86' lang='lat' dir='ltr'>ad</span> <span class='ocrx_word' id='word_1_129' title='bbox 1018 1455 1356 1508; x_wconf 85' lang='lat' dir='ltr'>completorium</span> <span class='ocrx_word' id='word_1_130' title='bbox 1389 1467 1613 1506; x_wconf 87' lang='lat' dir='ltr'>nunquam</span> 
     </span>
     <span class='ocr_line' id='line_1_19' title="bbox 81 1521 1615 1578; baseline -0.004 -11"><span class='ocrx_word' id='word_1_131' title='bbox 81 1533 310 1567; x_wconf 89' lang='lat' dir='ltr'>mutantur</span> <span class='ocrx_word' id='word_1_132' title='bbox 346 1527 389 1566; x_wconf 90' lang='lat' dir='ltr'>in</span> <span class='ocrx_word' id='word_1_133' title='bbox 419 1532 515 1566; x_wconf 86' lang='lat' dir='ltr'>toto</span> <span class='ocrx_word' id='word_1_134' title='bbox 549 1540 678 1575; x_wconf 86' lang='lat' dir='ltr'>anno,</span> <span class='ocrx_word' id='word_1_135' title='bbox 708 1532 1003 1578; x_wconf 76' lang='lat' dir='ltr'>praeterquam</span> <span class='ocrx_word' id='word_1_136' title='bbox 1037 1526 1079 1564; x_wconf 88' lang='lat' dir='ltr'>in</span> <span class='ocrx_word' id='word_1_137' title='bbox 1113 1524 1259 1564; x_wconf 88' lang='lat' dir='ltr'>triduo</span> <span class='ocrx_word' id='word_1_138' title='bbox 1302 1530 1404 1563; x_wconf 90' lang='lat' dir='ltr'>ante</span> <span class='ocrx_word' id='word_1_139' title='bbox 1445 1521 1615 1575; x_wconf 88' lang='lat' dir='ltr'>pascha.</span> 
     </span>
     <span class='ocr_line' id='line_1_20' title="bbox 81 1591 1616 1650; baseline -0.003 -14"><span class='ocrx_word' id='word_1_140' title='bbox 81 1596 239 1650; x_wconf 86' lang='lat' dir='ltr'>Itaque</span> <span class='ocrx_word' id='word_1_141' title='bbox 271 1610 370 1635; x_wconf 88' lang='lat' dir='ltr'>cum</span> <span class='ocrx_word' id='word_1_142' title='bbox 404 1594 615 1648; x_wconf 64' lang='lat' dir='ltr'>praedi5³ffi</span> <span class='ocrx_word' id='word_1_143' title='bbox 648 1595 727 1635; x_wconf 79' lang='lat' dir='ltr'>sint</span> <span class='ocrx_word' id='word_1_144' title='bbox 760 1595 1045 1640; x_wconf 84' lang='lat' dir='ltr'>inuariabilia,</span> <span class='ocrx_word' id='word_1_145' title='bbox 1078 1593 1303 1634; x_wconf 80' lang='lat' dir='ltr'>diuersitas</span> <span class='ocrx_word' id='word_1_146' title='bbox 1336 1591 1464 1644; x_wconf 83' lang='lat' dir='ltr'>officij</span> <span class='ocrx_word' id='word_1_147' title='bbox 1489 1592 1616 1632; x_wconf 89' lang='lat' dir='ltr'>vnius</span> 
     </span>
     <span class='ocr_line' id='line_1_21' title="bbox 79 1660 1615 1714; baseline -0.003 -9"><span class='ocrx_word' id='word_1_148' title='bbox 79 1665 164 1705; x_wconf 90' lang='lat' dir='ltr'>diei</span> <span class='ocrx_word' id='word_1_149' title='bbox 187 1666 242 1705; x_wconf 85' lang='lat' dir='ltr'>ad</span> <span class='ocrx_word' id='word_1_150' title='bbox 266 1665 452 1705; x_wconf 83' lang='lat' dir='ltr'>alterum</span> <span class='ocrx_word' id='word_1_151' title='bbox 476 1664 663 1705; x_wconf 68' lang='lat' dir='ltr'>consistit</span> <span class='ocrx_word' id='word_1_152' title='bbox 685 1671 859 1704; x_wconf 85' lang='lat' dir='ltr'>tantum</span> <span class='ocrx_word' id='word_1_153' title='bbox 884 1665 927 1704; x_wconf 92' lang='lat' dir='ltr'>in</span> <span class='ocrx_word' id='word_1_154' title='bbox 946 1664 1192 1704; x_wconf 82' lang='lat' dir='ltr'>mutatione</span> <span class='ocrx_word' id='word_1_155' title='bbox 1210 1661 1465 1714; x_wconf 87' lang='lat' dir='ltr'>inuitatorij.</span> <span class='ocrx_word' id='word_1_156' title='bbox 1489 1660 1615 1714; x_wconf 89' lang='lat' dir='ltr'>hym-</span> 
     </span>
     <span class='ocr_line' id='line_1_22' title="bbox 79 1730 1617 1786; baseline -0.004 -11"><span class='ocrx_word' id='word_1_157' title='bbox 79 1749 235 1776; x_wconf 87' lang='lat' dir='ltr'>norum</span> <span class='ocrx_word' id='word_1_158' title='bbox 271 1735 325 1775; x_wconf 90' lang='lat' dir='ltr'>ad</span> <span class='ocrx_word' id='word_1_159' title='bbox 365 1735 632 1774; x_wconf 83' lang='lat' dir='ltr'>matutinum</span> <span class='ocrx_word' id='word_1_160' title='bbox 668 1741 711 1774; x_wconf 89' lang='lat' dir='ltr'>et</span> <span class='ocrx_word' id='word_1_161' title='bbox 747 1734 983 1786; x_wconf 79' lang='lat' dir='ltr'>vesperam,</span> <span class='ocrx_word' id='word_1_162' title='bbox 1022 1733 1163 1773; x_wconf 65' lang='lat' dir='ltr'>tertiae</span> <span class='ocrx_word' id='word_1_163' title='bbox 1196 1730 1408 1780; x_wconf 64' lang='lat' dir='ltr'>le&amp;ionis‚</span> <span class='ocrx_word' id='word_1_164' title='bbox 1445 1736 1488 1770; x_wconf 92' lang='lat' dir='ltr'>et</span> <span class='ocrx_word' id='word_1_165' title='bbox 1522 1744 1617 1770; x_wconf 88' lang='lat' dir='ltr'>ora-</span> 
     </span>
     <span class='ocr_line' id='line_1_23' title="bbox 79 1801 1615 1856; baseline -0.002 -12"><span class='ocrx_word' id='word_1_166' title='bbox 79 1805 210 1845; x_wconf 79' lang='lat' dir='ltr'>tionis</span> <span class='ocrx_word' id='word_1_167' title='bbox 259 1805 314 1844; x_wconf 90' lang='lat' dir='ltr'>ad</span> <span class='ocrx_word' id='word_1_168' title='bbox 360 1804 550 1856; x_wconf 83' lang='lat' dir='ltr'>reliquas</span> <span class='ocrx_word' id='word_1_169' title='bbox 592 1803 732 1843; x_wconf 84' lang='lat' dir='ltr'>horas.</span> <span class='ocrx_word' id='word_1_170' title='bbox 804 1804 917 1844; x_wconf 87' lang='lat' dir='ltr'>Cum</span> <span class='ocrx_word' id='word_1_171' title='bbox 962 1817 1066 1856; x_wconf 81' lang='lat' dir='ltr'>ergo</span> <span class='ocrx_word' id='word_1_172' title='bbox 1109 1803 1307 1842; x_wconf 78' lang='lat' dir='ltr'>dicimus.</span> <span class='ocrx_word' id='word_1_173' title='bbox 1375 1802 1525 1842; x_wconf 90' lang='lat' dir='ltr'>Hodie</span> <span class='ocrx_word' id='word_1_174' title='bbox 1568 1801 1615 1841; x_wconf 83' lang='lat' dir='ltr'>fit</span> 
     </span>
     <span class='ocr_line' id='line_1_24' title="bbox 78 1869 1616 1925; baseline -0.003 -13"><span class='ocrx_word' id='word_1_175' title='bbox 78 1872 267 1912; x_wconf 88' lang='lat' dir='ltr'>officium</span> <span class='ocrx_word' id='word_1_176' title='bbox 286 1873 340 1912; x_wconf 90' lang='lat' dir='ltr'>de</span> <span class='ocrx_word' id='word_1_177' title='bbox 358 1872 435 1912; x_wconf 90' lang='lat' dir='ltr'>tali</span> <span class='ocrx_word' id='word_1_178' title='bbox 453 1872 571 1921; x_wconf 88' lang='lat' dir='ltr'>sesto,</span> <span class='ocrx_word' id='word_1_179' title='bbox 588 1871 769 1925; x_wconf 87' lang='lat' dir='ltr'>perinde</span> <span class='ocrx_word' id='word_1_180' title='bbox 787 1871 847 1911; x_wconf 87' lang='lat' dir='ltr'>est</span> <span class='ocrx_word' id='word_1_181' title='bbox 870 1886 919 1911; x_wconf 86' lang='lat' dir='ltr'>ac</span> <span class='ocrx_word' id='word_1_182' title='bbox 942 1872 968 1910; x_wconf 88' lang='lat' dir='ltr'>sl</span> <span class='ocrx_word' id='word_1_183' title='bbox 992 1872 1201 1919; x_wconf 81' lang='lat' dir='ltr'>dicamus,</span> <span class='ocrx_word' id='word_1_184' title='bbox 1220 1870 1338 1922; x_wconf 89' lang='lat' dir='ltr'>quod</span> <span class='ocrx_word' id='word_1_185' title='bbox 1356 1869 1452 1909; x_wconf 78' lang='lat' dir='ltr'>haec</span> <span class='ocrx_word' id='word_1_186' title='bbox 1475 1875 1616 1908; x_wconf 90' lang='lat' dir='ltr'>muta-</span> 
     </span>
     <span class='ocr_line' id='line_1_25' title="bbox 77 1941 607 1993; baseline 0 -13"><span class='ocrx_word' id='word_1_187' title='bbox 77 1941 181 1981; x_wconf 82' lang='lat' dir='ltr'>bilia</span> <span class='ocrx_word' id='word_1_188' title='bbox 204 1942 408 1981; x_wconf 88' lang='lat' dir='ltr'>dicuntur</span> <span class='ocrx_word' id='word_1_189' title='bbox 430 1941 484 1980; x_wconf 90' lang='lat' dir='ltr'>de</span> <span class='ocrx_word' id='word_1_190' title='bbox 507 1941 607 1993; x_wconf 89' lang='lat' dir='ltr'>ipso.</span> 
     </span>
    </p>
   </div>
   <div class='ocr_carea' id='block_1_4' title="bbox 269 2073 1430 2129">
    <p class='ocr_par' dir='ltr' id='par_1_5' title="bbox 269 2073 1430 2129">
     <span class='ocr_line' id='line_1_26' title="bbox 269 2073 1430 2129; baseline -0.003 -12"><span class='ocrx_word' id='word_1_191' title='bbox 269 2079 313 2124; x_wconf 67' lang='grc' dir='ltr'>ΕΙ</span> <span class='ocrx_word' id='word_1_192' title='bbox 351 2075 469 2117; x_wconf 74' lang='lat' dir='ltr'>Vnde</span> <span class='ocrx_word' id='word_1_193' title='bbox 488 2076 774 2129; x_wconf 52' lang='lat' dir='ltr'>inczjoz&#39;endmn</span> <span class='ocrx_word' id='word_1_194' title='bbox 785 2076 850 2129; x_wconf 74' lang='lat' dir='ltr'>sit</span> <span class='ocrx_word' id='word_1_195' title='bbox 868 2075 1051 2129; x_wconf 75' lang='lat' dir='ltr'>officinm</span> <span class='ocrx_word' id='word_1_196' title='bbox 1062 2074 1254 2127; x_wconf 70' lang='lat' dir='ltr'>singulis</span> <span class='ocrx_word' id='word_1_197' title='bbox 1274 2073 1430 2114; x_wconf 75' lang='lat' dir='ltr'>diebus.</span> 
     </span>
    </p>
   </div>
   <div class='ocr_carea' id='block_1_5' title="bbox 76 2169 1614 2846">
    <p class='ocr_par' dir='ltr' id='par_1_6' title="bbox 76 2169 1614 2846">
     <span class='ocr_line' id='line_1_27' title="bbox 164 2169 1614 2226; baseline -0.004 -12"><span class='ocrx_word' id='word_1_198' title='bbox 164 2177 208 2221; x_wconf 61' lang='lat' dir='ltr'>d]</span> <span class='ocrx_word' id='word_1_199' title='bbox 244 2174 436 2226; x_wconf 76' lang='lat' dir='ltr'>Quando</span> <span class='ocrx_word' id='word_1_200' title='bbox 469 2173 517 2213; x_wconf 82' lang='lat' dir='ltr'>fit</span> <span class='ocrx_word' id='word_1_201' title='bbox 549 2173 739 2213; x_wconf 81' lang='lat' dir='ltr'>officium</span> <span class='ocrx_word' id='word_1_202' title='bbox 773 2175 827 2213; x_wconf 92' lang='lat' dir='ltr'>de</span> <span class='ocrx_word' id='word_1_203' title='bbox 860 2172 1095 2220; x_wconf 86' lang='lat' dir='ltr'>dominica,</span> <span class='ocrx_word' id='word_1_204' title='bbox 1127 2171 1198 2210; x_wconf 86' lang='lat' dir='ltr'>seu</span> <span class='ocrx_word' id='word_1_205' title='bbox 1231 2170 1350 2220; x_wconf 86' lang='lat' dir='ltr'>seria,</span> <span class='ocrx_word' id='word_1_206' title='bbox 1391 2176 1468 2209; x_wconf 90' lang='lat' dir='ltr'>aut</span> <span class='ocrx_word' id='word_1_207' title='bbox 1509 2169 1614 2209; x_wconf 84' lang='lat' dir='ltr'>festo</span> 
     </span>
     <span class='ocr_line' id='line_1_28' title="bbox 76 2238 1611 2295; baseline -0.004 -13"><span class='ocrx_word' id='word_1_208' title='bbox 76 2243 256 2295; x_wconf 78' lang='lat' dir='ltr'>simplici</span> <span class='ocrx_word' id='word_1_209' title='bbox 280 2242 447 2294; x_wconf 88' lang='lat' dir='ltr'>semper</span> <span class='ocrx_word' id='word_1_210' title='bbox 470 2242 677 2294; x_wconf 86' lang='lat' dir='ltr'>incipitur</span> <span class='ocrx_word' id='word_1_211' title='bbox 699 2241 891 2281; x_wconf 85' lang='lat' dir='ltr'>officium</span> <span class='ocrx_word' id='word_1_212' title='bbox 916 2239 941 2280; x_wconf 74' lang='lat' dir='ltr'>a</span> <span class='ocrx_word' id='word_1_213' title='bbox 965 2240 1197 2279; x_wconf 86' lang='lat' dir='ltr'>matutino.</span> <span class='ocrx_word' id='word_1_214' title='bbox 1250 2238 1442 2290; x_wconf 75' lang='lat' dir='ltr'>Quando</span> <span class='ocrx_word' id='word_1_215' title='bbox 1465 2244 1611 2278; x_wconf 87' lang='lat' dir='ltr'>autem</span> 
     </span>
     <span class='ocr_line' id='line_1_29' title="bbox 76 2305 1614 2362; baseline -0.003 -12"><span class='ocrx_word' id='word_1_216' title='bbox 76 2311 125 2351; x_wconf 79' lang='lat' dir='ltr'>fit</span> <span class='ocrx_word' id='word_1_217' title='bbox 154 2311 208 2350; x_wconf 93' lang='lat' dir='ltr'>de</span> <span class='ocrx_word' id='word_1_218' title='bbox 241 2310 347 2350; x_wconf 88' lang='lat' dir='ltr'>festo</span> <span class='ocrx_word' id='word_1_219' title='bbox 376 2309 553 2362; x_wconf 84' lang='lat' dir='ltr'>duplici,</span> <span class='ocrx_word' id='word_1_220' title='bbox 577 2310 785 2361; x_wconf 88' lang='lat' dir='ltr'>incipitur</span> <span class='ocrx_word' id='word_1_221' title='bbox 806 2308 832 2349; x_wconf 76' lang='lat' dir='ltr'>a</span> <span class='ocrx_word' id='word_1_222' title='bbox 853 2308 1052 2361; x_wconf 80' lang='lat' dir='ltr'>vesperis.</span> <span class='ocrx_word' id='word_1_223' title='bbox 1117 2305 1328 2357; x_wconf 79' lang='lat' dir='ltr'>Exempli</span> <span class='ocrx_word' id='word_1_224' title='bbox 1350 2306 1503 2358; x_wconf 82' lang='lat' dir='ltr'>gratia.</span> <span class='ocrx_word' id='word_1_225' title='bbox 1567 2306 1614 2346; x_wconf 79' lang='lat' dir='ltr'>Si</span> 
     </span>
     <span class='ocr_line' id='line_1_30' title="bbox 76 2374 1613 2430; baseline -0.005 -10"><span class='ocrx_word' id='word_1_226' title='bbox 76 2380 260 2420; x_wconf 86' lang='lat' dir='ltr'>crastina</span> <span class='ocrx_word' id='word_1_227' title='bbox 294 2380 365 2419; x_wconf 90' lang='lat' dir='ltr'>die</span> <span class='ocrx_word' id='word_1_228' title='bbox 402 2384 602 2418; x_wconf 89' lang='lat' dir='ltr'>occurrat</span> <span class='ocrx_word' id='word_1_229' title='bbox 638 2377 792 2417; x_wconf 90' lang='lat' dir='ltr'>festum</span> <span class='ocrx_word' id='word_1_230' title='bbox 827 2377 997 2430; x_wconf 80' lang='lat' dir='ltr'>duplex</span> <span class='ocrx_word' id='word_1_231' title='bbox 1031 2376 1163 2416; x_wconf 90' lang='lat' dir='ltr'>hodie</span> <span class='ocrx_word' id='word_1_232' title='bbox 1196 2374 1386 2427; x_wconf 78' lang='lat' dir='ltr'>vesperae</span> <span class='ocrx_word' id='word_1_233' title='bbox 1422 2374 1505 2414; x_wconf 93' lang='lat' dir='ltr'>hoc</span> <span class='ocrx_word' id='word_1_234' title='bbox 1543 2374 1613 2420; x_wconf 79' lang='lat' dir='ltr'>est,</span> 
     </span>
     <span class='ocr_line' id='line_1_31' title="bbox 76 2441 1614 2501; baseline -0.005 -14"><span class='ocrx_word' id='word_1_235' title='bbox 76 2448 280 2501; x_wconf 87' lang='lat' dir='ltr'>hymnus,</span> <span class='ocrx_word' id='word_1_236' title='bbox 303 2453 346 2486; x_wconf 91' lang='lat' dir='ltr'>et</span> <span class='ocrx_word' id='word_1_237' title='bbox 374 2447 515 2486; x_wconf 90' lang='lat' dir='ltr'>oratio</span> <span class='ocrx_word' id='word_1_238' title='bbox 544 2459 645 2485; x_wconf 89' lang='lat' dir='ltr'>cum</span> <span class='ocrx_word' id='word_1_239' title='bbox 672 2445 851 2498; x_wconf 88' lang='lat' dir='ltr'>psalmis</span> <span class='ocrx_word' id='word_1_240' title='bbox 877 2444 1134 2497; x_wconf 88' lang='lat' dir='ltr'>vespertinis</span> <span class='ocrx_word' id='word_1_241' title='bbox 1163 2442 1387 2483; x_wconf 86' lang='lat' dir='ltr'>hodiernis</span> <span class='ocrx_word' id='word_1_242' title='bbox 1412 2441 1614 2482; x_wconf 70' lang='lat' dir='ltr'>dicentur</span> 
     </span>
     <span class='ocr_line' id='line_1_32' title="bbox 77 2511 1613 2569; baseline -0.004 -13"><span class='ocrx_word' id='word_1_243' title='bbox 77 2518 132 2557; x_wconf 89' lang='lat' dir='ltr'>de</span> <span class='ocrx_word' id='word_1_244' title='bbox 166 2516 268 2569; x_wconf 89' lang='lat' dir='ltr'>ipso,</span> <span class='ocrx_word' id='word_1_245' title='bbox 303 2522 346 2555; x_wconf 90' lang='lat' dir='ltr'>et</span> <span class='ocrx_word' id='word_1_246' title='bbox 383 2516 500 2555; x_wconf 89' lang='lat' dir='ltr'>idem</span> <span class='ocrx_word' id='word_1_247' title='bbox 531 2515 736 2567; x_wconf 83' lang='lat' dir='ltr'>hymnus,</span> <span class='ocrx_word' id='word_1_248' title='bbox 768 2520 812 2554; x_wconf 90' lang='lat' dir='ltr'>et</span> <span class='ocrx_word' id='word_1_249' title='bbox 842 2515 982 2554; x_wconf 88' lang='lat' dir='ltr'>oratio</span> <span class='ocrx_word' id='word_1_250' title='bbox 1014 2513 1218 2552; x_wconf 88' lang='lat' dir='ltr'>dicuntur</span> <span class='ocrx_word' id='word_1_251' title='bbox 1250 2512 1293 2551; x_wconf 90' lang='lat' dir='ltr'>in</span> <span class='ocrx_word' id='word_1_252' title='bbox 1324 2511 1511 2564; x_wconf 86' lang='lat' dir='ltr'>vesperis</span> <span class='ocrx_word' id='word_1_253' title='bbox 1542 2512 1613 2551; x_wconf 84' lang='lat' dir='ltr'>die</span> 
     </span>
     <span class='ocr_line' id='line_1_33' title="bbox 76 2579 1612 2636; baseline -0.005 -10"><span class='ocrx_word' id='word_1_254' title='bbox 76 2586 260 2626; x_wconf 87' lang='lat' dir='ltr'>crastina</span> <span class='ocrx_word' id='word_1_255' title='bbox 289 2585 363 2625; x_wconf 69' lang='lat' dir='ltr'>nisi</span> <span class='ocrx_word' id='word_1_256' title='bbox 394 2585 649 2625; x_wconf 86' lang='lat' dir='ltr'>immediate</span> <span class='ocrx_word' id='word_1_257' title='bbox 676 2584 879 2636; x_wconf 85' lang='lat' dir='ltr'>sequatur</span> <span class='ocrx_word' id='word_1_258' title='bbox 907 2583 1024 2622; x_wconf 84' lang='lat' dir='ltr'>aliud</span> <span class='ocrx_word' id='word_1_259' title='bbox 1059 2581 1213 2621; x_wconf 87' lang='lat' dir='ltr'>festum</span> <span class='ocrx_word' id='word_1_260' title='bbox 1245 2579 1413 2632; x_wconf 78' lang='lat' dir='ltr'>duplex</span> <span class='ocrx_word' id='word_1_261' title='bbox 1442 2580 1612 2632; x_wconf 81' lang='lat' dir='ltr'>aequalc</span> 
     </span>
     <span class='ocr_line' id='line_1_34' title="bbox 76 2650 1612 2709; baseline -0.005 -14"><span class='ocrx_word' id='word_1_262' title='bbox 76 2655 355 2709; x_wconf 79' lang='lat' dir='ltr'>praecedenti,</span> <span class='ocrx_word' id='word_1_263' title='bbox 395 2661 470 2694; x_wconf 86' lang='lat' dir='ltr'>aut</span> <span class='ocrx_word' id='word_1_264' title='bbox 507 2654 659 2693; x_wconf 86' lang='lat' dir='ltr'>maius.</span> <span class='ocrx_word' id='word_1_265' title='bbox 737 2653 854 2692; x_wconf 86' lang='lat' dir='ltr'>Nam</span> <span class='ocrx_word' id='word_1_266' title='bbox 888 2658 993 2691; x_wconf 84' lang='lat' dir='ltr'>tunc</span> <span class='ocrx_word' id='word_1_267' title='bbox 1032 2650 1200 2702; x_wconf 88' lang='lat' dir='ltr'>semper</span> <span class='ocrx_word' id='word_1_268' title='bbox 1241 2650 1358 2701; x_wconf 85' lang='lat' dir='ltr'>quod</span> <span class='ocrx_word' id='word_1_269' title='bbox 1402 2650 1612 2701; x_wconf 63' lang='lat' dir='ltr'>praecedit</span> 
     </span>
     <span class='ocr_line' id='line_1_35' title="bbox 77 2715 1612 2774; baseline -0.006 -10"><span class='ocrx_word' id='word_1_270' title='bbox 77 2723 259 2764; x_wconf 87' lang='lat' dir='ltr'>habebit</span> <span class='ocrx_word' id='word_1_271' title='bbox 291 2729 464 2762; x_wconf 85' lang='lat' dir='ltr'>tantum</span> <span class='ocrx_word' id='word_1_272' title='bbox 498 2722 663 2774; x_wconf 86' lang='lat' dir='ltr'>primas</span> <span class='ocrx_word' id='word_1_273' title='bbox 685 2721 884 2773; x_wconf 89' lang='lat' dir='ltr'>vesperas</span> <span class='ocrx_word' id='word_1_274' title='bbox 907 2720 1024 2772; x_wconf 83' lang='lat' dir='ltr'>quod</span> <span class='ocrx_word' id='word_1_275' title='bbox 1048 2724 1196 2758; x_wconf 83' lang='lat' dir='ltr'>autem</span> <span class='ocrx_word' id='word_1_276' title='bbox 1221 2717 1412 2770; x_wconf 86' lang='lat' dir='ltr'>sequitur</span> <span class='ocrx_word' id='word_1_277' title='bbox 1431 2715 1612 2756; x_wconf 87' lang='lat' dir='ltr'>habebit</span> 
     </span>
     <span class='ocr_line' id='line_1_36' title="bbox 76 2783 1608 2846; baseline -0.007 -13"><span class='ocrx_word' id='word_1_278' title='bbox 76 2794 239 2846; x_wconf 84' lang='lat' dir='ltr'>primas</span> <span class='ocrx_word' id='word_1_279' title='bbox 266 2798 309 2832; x_wconf 90' lang='lat' dir='ltr'>et</span> <span class='ocrx_word' id='word_1_280' title='bbox 336 2791 558 2831; x_wconf 84' lang='lat' dir='ltr'>secundas.</span> <span class='ocrx_word' id='word_1_281' title='bbox 622 2790 667 2831; x_wconf 81' lang='lat' dir='ltr'>Si</span> <span class='ocrx_word' id='word_1_282' title='bbox 691 2803 793 2829; x_wconf 84' lang='lat' dir='ltr'>vero</span> <span class='ocrx_word' id='word_1_283' title='bbox 823 2789 1044 2841; x_wconf 81' lang='lat' dir='ltr'>praecedat</span> <span class='ocrx_word' id='word_1_284' title='bbox 1067 2786 1220 2826; x_wconf 87' lang='lat' dir='ltr'>festum</span> <span class='ocrx_word' id='word_1_285' title='bbox 1245 2785 1415 2837; x_wconf 85' lang='lat' dir='ltr'>duplex</span> <span class='ocrx_word' id='word_1_286' title='bbox 1436 2783 1608 2825; x_wconf 79' lang='lat' dir='ltr'>²maius.</span> 
     </span>
    </p>
   </div>
   <div class='ocr_carea' id='block_1_6' title="bbox 74 2858 1608 2918">
    <p class='ocr_par' dir='ltr' id='par_1_7' title="bbox 74 2858 1608 2918">
     <span class='ocr_line' id='line_1_37' title="bbox 74 2858 1608 2918; baseline -0.006 -12"><span class='ocrx_word' id='word_1_287' title='bbox 74 2872 118 2906; x_wconf 86' lang='lat' dir='ltr'>et</span> <span class='ocrx_word' id='word_1_288' title='bbox 150 2866 352 2918; x_wconf 86' lang='lat' dir='ltr'>sequatur</span> <span class='ocrx_word' id='word_1_289' title='bbox 382 2864 638 2904; x_wconf 87' lang='lat' dir='ltr'>immediate</span> <span class='ocrx_word' id='word_1_290' title='bbox 671 2861 866 2915; x_wconf 78' lang='lat' dir='ltr'>duplex²</span> <span class='ocrx_word' id='word_1_291' title='bbox 898 2861 1042 2902; x_wconf 87' lang='lat' dir='ltr'>minus</span> <span class='ocrx_word' id='word_1_292' title='bbox 1083 2866 1188 2900; x_wconf 85' lang='lat' dir='ltr'>tunc</span> <span class='ocrx_word' id='word_1_293' title='bbox 1221 2872 1243 2898; x_wconf 85' lang='lat' dir='ltr'>e</span> <span class='ocrx_word' id='word_1_294' title='bbox 1275 2858 1457 2906; x_wconf 80' lang='lat' dir='ltr'>diuerso,</span> <span class='ocrx_word' id='word_1_295' title='bbox 1489 2859 1608 2911; x_wconf 83' lang='lat' dir='ltr'>quod</span> 
     </span>
    </p>
   </div>
   <div class='ocr_carea' id='block_1_7' title="bbox 263 2961 1244 3009">
    <p class='ocr_par' dir='ltr' id='par_1_8' title="bbox 263 2961 1244 3009">
     <span class='ocr_line' id='line_1_38' title="bbox 263 2961 1244 3009; baseline -0.006 -10"><span class='ocrx_word' id='word_1_296' title='bbox 263 2965 345 3009; x_wconf 77' lang='lat' dir='ltr'>¹stc</span> <span class='ocrx_word' id='word_1_297' title='bbox 362 2966 403 2998; x_wconf 90' lang='lat' dir='ltr'>V.</span> <span class='ocrx_word' id='word_1_298' title='bbox 464 2965 548 2998; x_wconf 58' lang='lat' dir='ltr'>Vide</span> <span class='ocrx_word' id='word_1_299' title='bbox 565 2965 668 3008; x_wconf 65' lang='lat' dir='ltr'>susm</span> <span class='ocrx_word' id='word_1_300' title='bbox 689 2975 718 3008; x_wconf 83' lang='lat' dir='ltr'>p.</span> <span class='ocrx_word' id='word_1_301' title='bbox 745 2974 792 3006; x_wconf 69' lang='lat'>19.</span> <span class='ocrx_word' id='word_1_302' title='bbox 1009 2961 1059 2983; x_wconf 60' lang='lat'>2”-&#39;</span> <span class='ocrx_word' id='word_1_303' title='bbox 1085 2962 1184 2994; x_wconf 76' lang='lat' dir='ltr'>mm&#39;l.</span> <span class='ocrx_word' id='word_1_304' title='bbox 1208 2961 1244 2994; x_wconf 83' lang='grc' dir='ltr'>Ρ.</span> 
     </span>
    </p>
   </div>
  </div>
 </body>
</html>
