1981 3248
185 165 209 195 2
669 167 924 200 DOMJNJCA
957 167 1029 199 AD
1058 167 1133 198 MA
1144 167 1389 201 TUTJNUM.

243 243 303 285 Et
336 257 437 298 rege
479 258 565 294 eos,
599 251 643 286 et
684 245 852 286 extolle
893 244 991 285 illos

185 301 319 355 Vsque
341 303 384 343 in
407 309 635 345 aeternum.

246 361 327 401 Per
348 361 537 414 singulos
566 362 660 402 dies
688 361 991 402 benedicimus

185 423 241 460 te.

247 477 307 517 Et
335 476 568 517 laudamus
599 490 761 517 nomen
792 482 918 517 tuum
948 476 991 516 in

186 534 378 575 seculum
401 550 409 576 ε
431 541 475 576 et
497 536 539 575 in
564 534 754 575 seculum
778 534 917 575 seculi.

247 593 445 646 Dignare
476 593 656 634 domine
688 594 759 633 die
791 592 869 633 isto
906 592 993 633 fine

187 657 371 704 peccato
393 665 473 691 nos
496 651 720 691 custodire.

246 708 451 750 Miserere
480 708 611 749 nostri
640 709 820 751 domine

188 780 308 807 erere
330 766 472 809 nostri.

247 826 347 866 Fiat
379 824 672 866 misericordia
703 830 781 865 tua
814 824 994 866 domine

187 882 314 936 super
342 896 422 923 nos
454 896 463 925 ε
492 884 872 937 quemadmodum
903 883 996 936 spe-

188 941 382 981 rauimus
405 942 447 981 in
470 947 525 982 te.

250 999 302 1039 In
339 1005 384 1039 te
420 1000 599 1040 domine
641 998 809 1052 speraui
852 1014 861 1041 :

188 1057 434 1098 confundar
455 1058 499 1098 in
522 1064 748 1098 aeternum.

854 721 864 751 :
896 708 995 749 mis—

904 1012 993 1040 non

249 1183 292 1227 a]
317 1179 399 1220 Ad
413 1179 572 1223 landes.
632 1180 841 1233 Psalmzts
861 1181 900 1222 .6
906 1189 940 1232 5.

205 1263 306 1306 &iffi
326 1272 507 1313 Vbilate
538 1273 622 1313 deo
649 1273 793 1313 omnis
822 1279 992 1314 terra...

205 1330 245 1357 ⁹
269 1329 301 1365 ''s‘ss
360 1331 700 1372 misericordiam
723 1331 842 1372 suam
866 1330 891 1372 a
915 1346 995 1374 me.

440 1427 649 1480 Psalmns
669 1436 748 1481 95.

270 1512 442 1553 Antate
468 1513 651 1553 domino
674 1513 893 1553 canticum
919 1526 997 1553 no-

299 1578 510 1612 uum...et
532 1571 722 1625 populos
744 1572 787 1612 in
811 1572 997 1613 veritate

193 1629 277 1670 sua.

260 1716 298 1759 C
296 1730 352 1757 an
357 1717 440 1757 sicu
446 1731 487 1757 m
521 1717 656 1758 trium
679 1725 926 1772 puerorum.

199 1798 509 1879 BEnedicite
531 1800 680 1839 omnia
698 1813 833 1853 opera
855 1801 999 1841 domi-

303 1857 346 1897 ni
369 1857 553 1897 domino
588 1872 596 1897 ·.
630 1857 821 1906 laudate,
855 1866 898 1899 et
934 1859 998 1899 su-

192 1927 272 1967 per
292 1914 489 1955 exaltate
512 1929 612 1955 eum
636 1916 678 1955 in
702 1915 854 1957 secula.

252 1973 507 2013 Benedicite
538 1974 683 2026 angeli
720 1975 887 2015 domini
922 1976 1000 2016 do-

192 2030 313 2070 mino
338 2044 346 2071 z
369 2031 615 2072 benedicite
637 2032 731 2072 caeli
755 2033 947 2074 domino.

252 2089 508 2129 Benedicite
541 2104 669 2142 aquae
701 2104 869 2135 omnes,
897 2106 997 2145 quae

193 2145 318 2200 super
339 2147 469 2187 caelos
494 2147 589 2188 sunt
615 2147 797 2189 domino
827 2163 835 2190 :
863 2149 996 2190 bene-

192 2204 325 2245 dicite
377 2218 532 2245 omnes
588 2206 772 2247 virtutes
828 2208 997 2249 domini

192 2263 385 2303 domino.

252 2321 508 2361 Benedicite
526 2320 596 2370 sol,
611 2327 655 2362 et
669 2322 773 2363 luna
791 2323 999 2367 domino:

192 2377 439 2419 benedicite
462 2379 595 2419 stellae
618 2380 712 2420 caeli
735 2382 927 2423 domino.

254 2437 508 2477 Benedicite
544 2438 695 2487 imber,
731 2446 775 2479 et
813 2454 882 2480 ros
919 2441 998 2481 do-

195 2494 316 2534 mino
346 2510 353 2534 :
379 2495 626 2536 benedicite
648 2510 801 2537 omnes
825 2497 997 2551 spiritus

194 2552 264 2592 dei
287 2553 480 2593 domino.

253 2610 507 2651 Benedicite
536 2611 661 2663 ignis,
693 2618 736 2653 et
765 2613 892 2654 aestus
919 2616 997 2655 do-

195 2667 314 2707 mino
337 2683 345 2707 :
368 2668 616 2709 benedicite
639 2669 787 2723 frigus,
805 2678 849 2712 et
872 2673 997 2714 aestas

192 2726 388 2765 domino.

251 2782 505 2824 Benedicite
561 2798 690 2834 rores,
741 2792 785 2827 et
840 2789 997 2840 pruina

190 2840 373 2880 domino
425 2856 432 2880 :
485 2842 744 2893 benedicite,
798 2846 900 2898 gelu
953 2854 997 2888 et

189 2897 324 2951 frigus
357 2899 551 2940 domino.

347 2976 357 2995 ¹
384 2983 419 3011 et
445 2979 570 3012 :omia
594 2980 635 3012 R.

873 2979 886 2998 ²
912 2990 946 3017 et
972 2984 1093 3028 :pres
1117 2985 1162 3018 R.

1119 244 1375 287 Benedicite
1423 245 1599 300 glacies,
1646 252 1691 288 et
1743 246 1869 287 niues

1058 303 1243 343 domino
1282 318 1291 344 z
1333 304 1583 347 benedicite
1627 311 1779 346 noctes
1823 310 1870 345 et

1059 361 1154 401 dies
1187 361 1382 403 domino.

1119 419 1373 460 Benedicite
1419 419 1514 469 lux,
1555 418 1620 461 et1
1671 419 1867 461 tenebrae

1060 475 1242 517 domino
1275 492 1284 517 z
1318 478 1567 519 benedicite
1601 478 1788 532 fulgura,
1824 483 1870 518 et

1061 534 1200 574 nubes
1223 535 1417 577 domino.

1120 592 1360 633 Benedicat
1375 600 1489 634 terra
1504 593 1735 634 dominum
1747 592 1870 634 :²lau-

1060 650 1148 698 det,
1179 656 1224 691 et
1254 650 1555 705 superexaltet
1590 666 1693 692 eum
1728 652 1772 692 in
1808 651 1869 692 se-

1061 708 1171 748 cula.

1120 766 1376 807 Benedicite
1419 772 1604 816 montes,
1647 773 1691 808 et
1736 766 1870 808 colles

1062 823 1245 864 domino
1268 839 1276 864 :
1296 825 1544 866 benedicite
1560 825 1758 866 vniuersa
1775 839 1871 878 ger-

1063 882 1279 923 minantia
1301 883 1343 923 in
1367 889 1481 924 terra
1504 883 1698 924 domino.

1122 940 1377 981 Benedicite
1434 942 1578 982 fontes
1631 941 1815 982 domino
1862 955 1870 980 :

1061 997 1309 1039 benedicite
1338 1000 1486 1049 maria,
1511 1006 1554 1041 et
1582 998 1766 1040 flumina
1792 999 1870 1039 do-

1065 1057 1197 1097 mino.

1122 1114 1378 1155 Benedicite
1401 1121 1508 1164 cete,
1531 1120 1575 1155 et
1598 1114 1748 1155 omnia
1770 1128 1870 1168 quae

1064 1179 1300 1213 mouentur
1314 1174 1356 1213 in
1372 1174 1498 1226 aquis
1515 1173 1697 1213 domino
1716 1187 1723 1213 :
1739 1173 1872 1213 bene-

1064 1231 1198 1270 dicite
1231 1244 1386 1271 omnes
1420 1231 1621 1272 volucres
1657 1231 1752 1271 caeli
1793 1231 1873 1272 do-

1065 1289 1197 1329 mino.

1123 1346 1379 1387 Benedicite
1429 1360 1585 1387 omnes
1626 1346 1786 1396 bestiae,
1828 1352 1873 1387 et

1064 1417 1223 1456 pecora
1255 1404 1437 1445 domino
1470 1420 1477 1445 :
1511 1405 1760 1445 benedicite
1793 1404 1870 1457 filij

1062 1462 1292 1502 hominum
1316 1463 1507 1504 domino.

1124 1521 1364 1561 Benedicat
1410 1520 1533 1561 israel
1580 1521 1812 1561 dominum
1862 1535 1870 1561 :

1063 1576 1248 1628 ²laudet,
1282 1585 1326 1620 et
1359 1578 1658 1633 superexaltet
1691 1592 1793 1619 eum
1826 1579 1869 1619 in

1065 1636 1218 1677 secula.

1126 1695 1380 1735 Benedicite
1417 1694 1664 1735 sacerdotes
1701 1695 1871 1736 domini

1064 1753 1248 1793 domino
1275 1769 1283 1794 ;
1305 1753 1552 1794 benedicite
1575 1753 1682 1794 serui
1700 1753 1870 1794 domini

1065 1811 1260 1851 domino.

1125 1868 1378 1909 Benedicite
1410 1868 1594 1922 spiritus,
1630 1875 1674 1910 et
1708 1869 1869 1909 animae

1066 1926 1274 1966 iustorum
1326 1928 1508 1967 domino
1562 1941 1570 1967 :
1623 1927 1872 1967 benedicite

1066 1984 1213 2030 sancti,
1233 1991 1275 2025 et
1298 1984 1485 2025 humiles
1509 1985 1640 2025 corde
1662 1986 1859 2026 domino.

1127 2043 1391 2091 Benedicite,
1448 2042 1640 2084 Anania.
1695 2043 1871 2092 Azaria,

1068 2100 1219 2141 Misael
1248 2100 1500 2141 dominum3
1532 2101 1711 2141 laudate
1740 2108 1784 2142 et
1807 2101 1871 2141 su-

1065 2158 1343 2212 perexaltate
1365 2173 1464 2199 eum
1489 2159 1531 2199 in
1556 2159 1707 2200 secula.

1126 2217 1446 2257 Bcnedicamus
1465 2224 1647 2270 patrem,
1666 2223 1708 2257 et
1731 2216 1868 2257 filium

1065 2288 1165 2314 cum
1189 2272 1337 2314 sancto
1360 2274 1509 2327 spiritu
1539 2290 1547 2315 z
1575 2275 1805 2315 laudemus
1825 2282 1871 2316 ‘et

1064 2332 1442 2386 superexaltemus
1466 2347 1566 2373 eum
1590 2333 1632 2373 in
1656 2333 1806 2373 secula.

1125 2388 1388 2431 Benedictus
1426 2405 1470 2431 es
1508 2392 1688 2432 domine
1720 2392 1763 2431 in
1802 2390 1871 2431 fir-

1066 2454 1294 2489 mamento
1346 2449 1441 2488 caeli
1486 2461 1494 2489 :
1535 2455 1579 2489 et
1625 2449 1871 2497 laudabilis,

1065 2513 1109 2547 et
1130 2506 1353 2559 gloriosus,
1378 2513 1422 2547 et
1447 2506 1798 2560 superexaltatus
1826 2508 1869 2547 in

1064 2564 1217 2605 secula.

1068 2653 1291 2695 Canticmn
1313 2652 1527 2693 zachariae
1539 2652 1750 2706 prophete.
1805 2653 1850 2692 E
1855 2660 1873 2694 t

1120 2712 1285 2752 dicitur
1303 2711 1501 2763 qnotidie.
1564 2711 1646 2750 Ad
1663 2710 1819 2752 laudes.

1137 2788 1379 2830 Enedffitus
1394 2790 1869 2830 dominusdeusisraelz

1176 2849 1280 2901 quia
1324 2848 1526 2896 visitauit,
1570 2855 1614 2888 et
1655 2847 1757 2888 fecit
1805 2862 1870 2888 re-

1064 2905 1368 2959 demptionem
1393 2906 1533 2959 plebis
1555 2905 1650 2947 suae.

1377 2981 1390 3001 3
1409 2985 1564 3018 domino
1588 2996 1594 3018 :
1616 2984 1652 3018 P.
1672 2985 1715 3018 A.
