1981 3248
560 148 731 179 INDEX
764 148 1068 181 TERTJARUM
1092 148 1402 181 LECTJONUM.
1745 148 1825 189 203

459 583 664 623 INDEX
707 582 1096 623 TERTIARUM
1142 581 1526 623 LECTIONUM

158 700 272 720 earnm
297 689 470 729 praecipue
498 699 590 729 quae,
616 688 717 719 Festis
740 693 803 729 per
825 698 956 718 annum
987 687 1156 727 ascriptae,
1182 686 1347 727 zpsissz'ma
1371 687 1491 717 Sacrae
1514 688 1705 728 Scrz'plurae
1734 688 1828 718 verba

800 736 930 771 parum
948 731 1106 762 exhibent.

222 815 270 845 Hi
292 819 367 845 sunt
390 814 575 855 scriptores,
600 814 682 845 haec
704 813 883 850 volumina,
906 813 1025 855 quibus
1044 813 1138 854 quasi
1158 812 1305 844 fontibus
1323 812 1357 843 in
1379 812 1443 844 hoc
1467 812 1574 843 indice
1595 812 1826 844 concinnando

156 868 216 899 pro
243 858 367 889 maiore
392 864 484 899 parte
511 858 560 888 usi
587 868 709 888 sumus.

221 902 311 932 Ado.
357 902 643 942 Martyrologizmz,
674 901 726 931 ed.
754 900 947 940 Rossweyd.
974 900 1137 940 Antverp.
1170 898 1263 937 1613.

222 944 417 975 Anastasius
445 944 727 975 Bibliothecarius.
776 944 829 974 De
855 944 933 973 vitis
957 942 1166 984 Pontificum,
1196 943 1248 973 ed.
1278 941 1427 979 Fabroti,
1454 941 1556 973 Paris.
1605 942 1696 985 1649.

221 988 412 1019 Bollandus.
461 989 544 1018 Acta
570 988 777 1024 Sanctorum,
810 987 912 1017 Paris.
941 986 1042 1017 editio
1067 986 1256 1022 novissima,
1285 985 1371 1017 circa
1397 996 1425 1017 a.
1456 986 1501 1016 D.
1533 985 1625 1017 1866.

222 1032 439 1062 Breviarz'nm
464 1032 664 1066 Romanum,
694 1030 854 1065 Venetiis,
882 1030 990 1067 Iunta,
1025 1039 1117 1069 1534.
1166 1033 1209 1070 4⁰.

226 1075 331 1105 Codex
354 1074 568 1115 Apocryplzus
589 1074 682 1104 Novi
710 1074 917 1111 Testamenti,
945 1073 997 1103 ed.
1023 1073 1126 1110 Giles,
1154 1071 1263 1103 Lond.
1291 1072 1384 1112 1852.

222 1118 396 1148 Eusebius.
442 1117 571 1148 Hister.
602 1118 722 1147 Eccles.
751 1128 791 1148 ex
815 1116 964 1147 versione
994 1115 1117 1152 Rufini,
1146 1116 1317 1153 Mantuae,
1349 1123 1442 1156 1479.

221 1161 457 1201 Hieronymus.
502 1161 556 1191 De
582 1161 666 1191 viris
695 1160 891 1190 inlustribus
917 1159 1003 1195 liber,
1032 1159 1084 1190 ed.
1112 1158 1176 1190 Gu.
1206 1159 1370 1199 Herding,
1404 1158 1547 1199 Lipsiae,
1578 1160 1668 1199 1879.

219 1204 442 1235 Mombritius.
487 1204 727 1234 Sanctuarimn
753 1214 807 1234 seu
843 1203 933 1234 Vitae
958 1203 1166 1239 Sanctorum,
1192 1202 1387 1240 Mediolani,
1422 1210 1513 1243 1479.

219 1248 406 1288 patrologia
430 1247 555 1287 Migne.

219 1291 360 1321 Platina.
406 1291 458 1321 De
483 1291 561 1320 vitis
585 1289 796 1331 Pontificum,
821 1289 896 1320 Col.
923 1289 1064 1330 Agripp.
1095 1288 1187 1320 1611.

221 1334 344 1365 Surius.
391 1334 443 1365 Da
467 1334 545 1364 vitis
572 1334 781 1369 Sanctorum,
810 1332 968 1370 Venetiis,
1004 1334 1094 1372 1581.

151 1428 322 1459 Adauctus
822 1425 993 1463 Eusebius,
1019 1425 1077 1456 lib.
1102 1433 1186 1455 V111.
1209 1435 1281 1466 cap.
1306 1425 1349 1456 xi.

153 1470 288 1512 Agatha
825 1469 961 1500 Simeon
986 1468 1230 1509 Metaphrastes
1253 1469 1341 1508 apud
1366 1467 1520 1498 Bolland.

153 1515 267 1555 Agnes
826 1512 1023 1543 Ambrosius
1046 1512 1135 1552 apud
1160 1511 1400 1542 Mornbritiurn.
1429 1511 1507 1541 Ado
1531 1510 1572 1542 de
1596 1510 1667 1542 fest.
1692 1511 1758 1552 Ap.

153 1557 345 1588 Alexander
367 1556 541 1598 episcopus
825 1556 1049 1596 Hieronymus
1073 1565 1145 1596 cap.
1170 1555 1236 1586 lxii.
1265 1559 1297 1585 et
1322 1554 1484 1586 Eusebius
1507 1554 1565 1585 lib.
1590 1562 1638 1586 VI.
1666 1564 1737 1595 cap.
1766 1555 1809 1585 xi.

153 1601 344 1631 Alexander
367 1611 455 1641 papa
823 1598 961 1629 Platina.

152 1644 348 1674 Ambrosius
825 1642 980 1672 Paulinus
1005 1642 1037 1672 N
1042 1641 1129 1672 olan.
1153 1641 1243 1682 apud
1266 1640 1508 1672 Mombritium.

152 1687 334 1718 Anacletus
822 1685 962 1715 Platina.

153 1731 304 1762 Andreas
820 1728 941 1759 Matth.
970 1727 1012 1759 iv.
1046 1728 1170 1759 18——20
1193 1732 1226 1758 et
1254 1727 1368 1758 Codex
1391 1727 1625 1768 Apocryphus,
1656 1727 1823 1759 Historiae

868 1771 1095 1813 Apostolicae.

151 1817 251 1848 Anna

151 1860 319 1891 Antherus
822 1857 962 1889 Platina.

152 1903 318 1934 Antonius
340 1902 443 1933 abbas
821 1900 1023 1932 Athanasius
1046 1900 1134 1942 apud
1159 1900 1300 1932 Surium.

152 1946 319 1977 Antonius
342 1945 508 1977 confessor
824 1944 939 1975 Lectio
963 1955 1002 1975 ex
1027 1945 1124 1975 Brev.
1150 1944 1250 1974 Rom.
1276 1944 1350 1975 Vet.

153 1990 335 2030 Apollonia
824 1987 998 2026 Eusebius,
1025 1988 1082 2018 lib.
1107 1995 1158 2018 Vl.
1182 1998 1255 2028 cap.
1279 1987 1365 2019 xxxi.

154 2032 355 2073 Apollonius
824 2031 998 2068 Eusebius,
1025 2031 1082 2061 lib.
1108 2038 1142 2060 V.
1168 2041 1240 2071 cap.
1265 2030 1331 2061 xxi.

152 2076 347 2117 Assumptio
370 2075 517 2116 Virginis
823 2074 1020 2111 Bernartius,
1047 2074 1081 2104 in
1106 2074 1342 2114 Assumptione
1368 2073 1485 2105 Sermo
1510 2074 1537 2104 1.
1567 2084 1592 2105 1.

152 2119 301 2150 Asterius
823 2117 996 2153 Eusebius,
1022 2117 1079 2147 lib.
1104 2125 1170 2147 V11.
1195 2127 1267 2157 cap.
1292 2117 1357 2147 xiv.

151 2162 352 2193 Athanasius
823 2161 995 2197 Eusebius,
1024 2161 1079 2191 lib.
1108 2168 1144 2190 x.
1170 2170 1265 2201 capp.
1291 2159 1379 2198 xvii„
1408 2159 1530 2191 xxxiiii.

153 2205 358 2247 Augustinus
824 2203 1046 2234 Mombritius.

153 2291 321 2322 Barnabas
822 2290 899 2320 Act.
924 2289 1042 2330 Apost.
1067 2289 1109 2319 iv.
1135 2289 1185 2329 36,
1215 2298 1273 2329 373
1298 2289 1340 2320 xi.
1360 2299 1505 2329 22—30;
1530 2288 1584 2320 xii.
1611 2289 1763 2329 25—xiii.
1781 2301 1820 2329 4;

864 2343 916 2363 xv.
942 2342 993 2373 39.

152 2377 424 2408 Bartholomaeus

152 2420 291 2452 Basilius
823 2419 911 2449 Ado.

153 2463 350 2495 Benedictus
823 2462 960 2503 Gregor.
987 2462 1035 2492 M.
1061 2472 1100 2492 ex
1124 2461 1208 2492 libro
1235 2470 1272 2492 ΙΙ.
1301 2461 1528 2502 Dialogorum.

154 2507 338 2538 Bernardus

154 2550 294 2581 Bibiana
821 2548 922 2578 Ado?

154 2593 281 2624 Blasius
823 2590 1046 2622 Mombritius.

155 2637 385 2667 Bonaventura
822 2634 937 2666 Lectio
961 2645 1000 2665 ex
1026 2635 1120 2665 Brev.
1147 2634 1245 2665 Rom.
1271 2634 1347 2665 Vet.

154 2722 254 2753 Caius
824 2720 962 2751 Platina.

153 2765 309 2796 Callistus
823 2763 963 2794 Platina.

153 2808 319 2839 Cathedra
345 2808 430 2838 Petri
818 2807 939 2837 Matth.
972 2806 1035 2836 xvi.
1075 2807 1120 2844 18,
1161 2816 1215 2847 19;
1256 2807 1348 2837 Ioan.
1382 2806 1443 2837 xxi.
1486 2814 1605 2847 15—-17
1640 2812 1672 2838 et
1705 2807 1818 2838 Codex

866 2849 1098 2890 Apocryphus,
1119 2849 1286 2881 Historiae
1304 2849 1530 2891 Apostolicac.

155 2893 331 2925 Catherina

155 2937 279 2968 Cecilia
825 2935 1046 2966 Mombritius.
