1981 3248
196 135 273 175 168

250 231 294 276 ΕΙ
311 226 535 267 Dedicatio
550 226 730 279 bafilz'coe
747 225 998 267 saluatoris

191 285 346 337 duplex
360 285 514 326 7722'7ms.
537 285 618 325 Ad
631 285 830 338 vesperas.
856 283 911 324 H
898 297 997 336 ym-

192 356 284 383 7llts.

285 428 378 469 Rbs
415 428 547 469 beata
589 427 825 468 Ierusalem
864 425 999 467 Dicta

301 488 421 539 pacis
442 487 545 527 visio
569 503 577 527 :
604 487 717 540 Quae
740 485 1000 525 construitur

194 545 237 584 in
269 545 391 585 coelis
415 545 543 585 Viuis
572 559 630 584 ex
662 544 881 597 lapidibus
907 556 915 582 :
940 543 999 582 Et

193 603 362 655 angelis
403 609 624 652 coronata,
665 602 727 642 Vt
776 598 998 655 sponsata²

194 661 368 702 comite.

253 719 385 758 Noua
405 718 587 758 veniens
610 732 633 758 e
656 717 770 758 coelo
795 715 997 769 Nuptiali

193 776 392 816 thalamo
431 777 685 829 Praeparata
716 782 762 816 vt
794 775 997 828 sponsata

194 834 438 887 Copuletur
480 835 672 874 domino.
737 833 914 881 Plateae,
953 838 997 873 et

193 893 306 932 muri
331 893 422 933 eius
447 893 519 932 Ex
543 906 649 932 auro
673 892 904 945 purissimo.

252 951 395 990 Portae
419 950 560 990 nitent
579 950 826 1002 margaritis
845 948 996 988 Aditis

192 1007 471 1061 patentibus²
513 1023 520 1048 :
565 1009 624 1048 Et
665 1009 827 1047 virtute
870 1006 996 1046 meri-

192 1073 338 1106 torum
365 1066 474 1106 Illuc
501 1066 794 1105 introducitur
823 1064 994 1112 Omnis,

193 1125 267 1177 qui
314 1124 371 1164 ob
415 1124 570 1165 Christi
614 1137 775 1163 nomen
822 1123 909 1163 Hic
952 1123 996 1162 in

193 1183 360 1222 mundo
383 1183 620 1235 praemitur.

250 1240 557 1287 Tunsionibus,
601 1239 803 1291 pressuris
839 1238 995 1291 Expo-

192 1297 257 1338 liti
280 1298 450 1350 lapides
478 1298 579 1338 Suis
603 1303 868 1349 coaptantur
890 1296 996 1336 locis

195 1357 276 1396 Per
299 1369 479 1396 manum
511 1355 688 1395 artificis
712 1371 719 1394 :
746 1354 996 1407 Disponun-

192 1421 263 1455 tur
285 1414 553 1466 permansuri
579 1413 723 1454 Sacris
743 1412 953 1464 aedificijs.

252 1472 414 1519 Gloria,
446 1478 489 1512 et
521 1472 662 1511 honor
702 1472 786 1511 deo
828 1471 998 1523 Vsque-

192 1544 280 1583 quo
303 1530 504 1570 altissimo
527 1545 534 1569 :
557 1529 658 1570 Vna
680 1529 794 1581 patri
817 1529 997 1581 filioque

196 1588 372 1641 Inclyto
405 1587 630 1640 paracleto
655 1601 663 1627 :
693 1587 762 1626 cui
796 1586 890 1627 laus
923 1586 994 1634 est,

193 1653 237 1686 et
267 1646 459 1699 potestas
492 1646 572 1686 Per
601 1645 814 1685 immensa
844 1644 996 1685 secula.

193 1705 355 1745 Amen.

515 1829 675 1870 Oratio.

201 1916 391 1998 DEus‚
425 1916 499 1969 qui
539 1915 664 1955 nobis
699 1927 777 1966 per
808 1913 997 1967 singulos

306 1988 444 2014 annos
462 1974 589 2013 huius
609 1970 742 2012 saneti
760 1972 915 2024 templi
934 1972 996 2012 tui

193 2032 530 2072 consecrationis
566 2044 744 2083 reparas
786 2029 916 2078 diem,
954 2035 997 2070 et

194 2088 353 2130 sanctis
388 2090 557 2142 semper
591 2087 806 2141 mysterijs
839 2101 998 2140 reprae-

194 2149 337 2188 sentas
356 2148 598 2187 incolumes
622 2162 628 2186 :
652 2145 814 2186 exaudi
831 2159 997 2198 praeces

194 2206 346 2259 populi
370 2206 445 2254 tui,
463 2212 505 2245 et
523 2204 678 2258 praesta
704 2217 711 2244 :
734 2210 780 2244 vt
803 2203 998 2256 quisquis

192 2265 278 2304 hoc
302 2263 521 2316 templum
541 2262 754 2302 beneficia
776 2261 996 2314 petiturus

194 2322 439 2375 ingreditur
462 2336 468 2361 z
491 2319 651 2361 cuncfta
680 2320 721 2360 se
748 2319 997 2372 impetrasse

194 2380 368 2420 laetetur
392 2393 399 2420 :
423 2393 501 2432 per
522 2379 764 2419 dominum.

250 2517 289 2556 A
299 2516 332 2556 d
349 2515 615 2556 matntinmn
639 2511 976 2555 innitatorz'mffl.

253 2604 450 2643 Domum
473 2603 543 2643 dei
567 2603 694 2643 decet
719 2600 966 2641 sancffitudo
986 2615 994 2640 :

194 2661 395 2714 sponsum
413 2661 506 2701 eius
526 2660 742 2701 Christum
761 2660 996 2700 adoremus

194 2734 237 2760 in
262 2734 322 2759 ea.

264 2827 275 2848 ¹
302 2826 430 2871 sponsa
454 2837 460 2859 :
480 2826 521 2859 A.

263 2875 276 2895 2
302 2873 517 2918 parentibus
543 2885 548 2906 :
578 2873 615 2906 P.

264 2921 276 2941 3
303 2921 362 2954 die
381 2931 401 2963 ς)
422 2921 462 2953 in
482 2931 527 2953 m.

263 2968 275 2989 4
301 2966 464 3002 sanciam
491 2967 557 3000 2A.

878 147 947 178 NO
957 145 1176 178 VEMBER.

1357 224 1575 278 Hymnus.

1068 303 1338 385 ANgularis
1361 304 1701 345 fundamentum
1734 303 1870 356 Lapis

1204 361 1397 402 Christus
1439 363 1586 403 missus
1627 362 1688 403 est
1730 377 1738 402 :
1781 361 1869 414 Qui

1066 432 1281 473 compage
1299 420 1479 473 parietis
1499 421 1550 460 In
1569 426 1755 473 vtroque
1770 433 1868 460 nec-

1066 477 1173 517 titur
1209 493 1216 518 :
1256 477 1402 530 Quem
1442 478 1548 519 Sion
1587 476 1755 518 sancta4
1786 477 1870 517 sus-

1068 536 1197 587 cepit,
1224 536 1274 575 In
1298 549 1385 588 quo
1409 537 1590 576 credens
1613 541 1855 589 permanet.

1128 593 1286 634 Omnis
1320 594 1393 633 illa
1425 595 1510 634 deo
1547 594 1676 642 sacra,
1710 594 1770 634 Et
1803 594 1870 634 di-

1065 649 1180 691 le&a
1221 652 1378 691 ciuitas
1413 652 1549 692 Plena
1591 651 1782 692 modulis
1825 652 1869 691 in

1066 707 1208 757 laude,
1234 709 1293 749 Et
1325 723 1485 750 canore
1514 709 1651 750 iubilo
1683 709 1868 749 Trinum

1065 767 1210 815 deum,
1253 767 1505 821 vnicunque
1554 768 1666 809 Cum
1719 767 1869 808 fauore

1065 825 1288 877 praedicat.

1126 883 1228 923 Hoc
1265 884 1307 923 in
1344 882 1513 936 templo
1551 883 1718 923 summe
1760 883 1867 923 deus

1066 939 1291 981 Exoratus
1324 941 1485 981 adueni
1519 955 1526 982 :
1559 942 1617 982 Et
1650 940 1868 981 clemente

1064 998 1266 1039 bonitate
1301 1000 1483 1039 Precum
1515 1005 1619 1040 vota
1661 999 1824 1052 suscipe
1861 1014 1868 1039 :

1067 1056 1259 1109 Largam
1292 1055 1649 1097 benedictionem
1684 1057 1772 1097 Hic
1805 1058 1869 1097 in-

1066 1115 1201 1154 funde
1224 1116 1392 1168 iugiter.

1126 1173 1213 1212 Hic
1240 1178 1576 1225 promereantur
1607 1187 1761 1213 omnes
1789 1173 1868 1213 Pe-

1065 1229 1147 1269 tita
1177 1231 1399 1283 acquirere
1426 1246 1432 1270 :
1460 1231 1519 1270 Et
1549 1232 1712 1284 adepta
1742 1232 1866 1284 possi-

1065 1289 1168 1327 dere
1212 1288 1326 1328 Cum
1371 1287 1529 1328 sanetis
1572 1290 1822 1342 perenniter
1859 1304 1867 1329 ε

1067 1346 1318 1386 Paradisum
1352 1347 1530 1387 introire
1567 1347 1789 1387 Translati
1822 1347 1864 1387 in

1063 1405 1267 1456 requiem.

1124 1462 1285 1510 Gloria,
1320 1468 1363 1503 et
1405 1462 1546 1503 honor
1575 1461 1682 1503 ⁵deo
1714 1462 1866 1517 Vsque-

1065 1526 1186 1573 quo&

1301 1646 1337 1686 L
1344 1646 1445 1687 (fiio
1468 1647 1595 1688 tersia
1602 1646 1626 1688 ⁶.

1070 1732 1397 1817 OVanquam
1439 1739 1636 1773 veterum
1689 1732 1866 1785 scripto-

1083 1809 1150 1831 ha
1192 1803 1288 1829 rum
1323 1791 1633 1839 monumentis,
1666 1798 1710 1831 et
1744 1790 1866 1830 Pauli

1066 1848 1200 1887 etiam
1224 1847 1416 1901 epistolis
1439 1849 1615 1898 constet,
1639 1849 1736 1901 ipsls
1758 1863 1866 1902 quo·
1895 1856 1899 1859 “

1065 1919 1151 1958 que
1182 1905 1429 1958 apostolicis
1461 1907 1734 1959 temporibus
1770 1907 1867 1947 loca

1064 1963 1241 2016 publica
1263 1963 1395 2010 fuisse,
1419 1978 1519 2016 quae
1547 1971 1640 2005 tum
1665 1965 1867 2012 oratoria,

1065 2028 1160 2061 turn
1184 2021 1373 2061 ecclesiae
1403 2023 1663 2073 dicerentur,
1686 2023 1759 2063 vbi
1789 2035 1868 2075 po-

1066 2079 1194 2132 pulus
1238 2079 1516 2129 Christianus,
1549 2094 1649 2133 quae
1683 2081 1739 2121 ad
1772 2080 1868 2120 reli-

1065 2138 1243 2190 gionem
1282 2143 1325 2177 et
1361 2137 1495 2178 fidem
1539 2138 1695 2179 Christi
1736 2139 1869 2192 perti-

1066 2202 1232 2242 nerent,
1250 2196 1481 2235 doceretur
1504 2211 1511 2236 :
1533 2194 1597 2236 ⁷et
1615 2210 1772 2249 corpus
1790 2196 1868 2235 do-

1067 2254 1173 2293 mini
1190 2252 1458 2301 sumeretur⁷,
1475 2259 1625 2294 tamen
1646 2254 1869 2306 Syluester

1065 2325 1184 2363 papa
1235 2312 1367 2351 ritum
1419 2311 1602 2352 instituit
1648 2311 1867 2352 consecra-

1064 2369 1198 2408 tionis
1245 2369 1451 2409 altarium
1493 2375 1537 2410 et
1577 2369 1865 2417 ecclesiarum,

1065 2441 1196 2479 quem
1230 2440 1347 2467 nunc
1375 2427 1509 2467 etiam
1539 2432 1662 2468 tenet
1690 2427 1867 2467 ecclefia

1065 2485 1416 2533 romana,dicato
1432 2490 1475 2524 et
1490 2485 1740 2525 consecrato
1756 2491 1867 2525 tem-

1064 2542 1139 2594 plo
1154 2541 1411 2582 lateranensi
1430 2549 1698 2595 nuncupato.
1733 2542 1865 2595 Quod

1067 2599 1380 2640 Constantinus
1422 2600 1662 2653 imperator
1696 2601 1866 2653 magni-

1064 2657 1144 2698 fice
1174 2657 1448 2706 instruxerat,
1473 2657 1706 2710 multisque
1738 2658 1865 2698 donis

1064 2721 1309 2764 ornauemt,
1342 2721 1385 2756 et
1421 2716 1709 2768 prouentibus
1740 2716 1866 2757 dota-

1134 2820 1185 2843 5-5
1209 2826 1270 2856 etc.
1291 2822 1334 2855 A.
1385 2827 1424 2856 vt
1442 2821 1551 2866 supra
1575 2821 1683 2856 :add
1706 2822 1743 2856 P.

1135 2868 1147 2887 ⁶
1173 2869 1233 2903 die
1252 2879 1296 2913 29
1315 2869 1354 2902 in
1373 2880 1418 2903 m.
1442 2869 1478 2903 P.

1135 2914 1186 2938 ⁷³*
1212 2927 1279 2950 om.
1314 2917 1350 2951 P.
1370 2916 1412 2950 A.
