1981 3248
782 136 1100 170 SEPTEMBER.

105 211 493 265 supplicationibus
508 213 764 266 propitiato,
780 227 906 253 exer-

105 270 240 310 citum
264 272 550 323 comparauit.
613 271 727 312 Cum
751 285 838 323 quo
862 272 905 311 in

104 327 271 367 hostem
303 326 537 380 profectus,
568 334 656 368 tres
700 328 905 369 Cosdroae

104 385 238 425 duces
280 399 379 425 cum
423 386 596 438 magnis
638 387 906 426 exercitibus

104 442 243 482 tribus
279 442 441 496 praelijs
478 444 627 484 diuina
662 457 747 496 ope
784 443 906 496 supe-

106 500 230 540 rauit.
296 500 378 540 His
402 506 550 540 autem
574 501 773 541 cladibus
797 501 906 541 frac-

104 563 175 597 tus
209 557 434 606 Cosdroas,
467 558 572 598 dum
611 558 760 611 sugam
793 558 906 599 vltra

105 614 273 667 Tigrim
308 621 448 668 parat,
484 616 732 656 Medarsem
769 616 905 656 filium

105 672 737 725 regniconsortemdeclarauit.
759 673 905 726 Quam

105 730 419 770 contumeliam
478 731 717 783 Syrochius
768 732 908 771 maior

106 794 212 827 natu
241 787 353 827 filius
384 802 472 828 non
500 789 653 837 ferens,
677 790 790 842 patri
823 789 906 828 fra-

105 845 250 897 trique
282 859 447 894 necem,
481 860 614 898 quam
647 847 779 900 paulo
811 847 906 899 post

106 916 164 942 ex
201 903 306 955 fuga
348 902 546 944 retrafftis
589 904 746 953 intulit,
781 905 907 944 moli-

107 965 203 1000 tur:
226 974 470 1014 pacemque
493 968 536 1002 et
558 968 792 1014 paternum
812 976 906 1015 reg-

107 1031 211 1058 num
247 1019 456 1071 impetrat
490 1019 546 1059 ab
583 1019 774 1059 heraclio
811 1020 905 1072 qui-

105 1075 288 1116 busdam
335 1077 526 1130 acceptis
567 1078 906 1118 conditionibus

107 1132 305 1186 Quarum
348 1148 399 1174 ea
444 1134 526 1174 fuit
567 1135 610 1175 in
653 1135 817 1188 primis,
858 1141 906 1176 vt

106 1204 279 1231 crucem
331 1192 600 1233 dominicam
653 1192 903 1233 restitueret.

107 1247 208 1300 Qua
255 1249 350 1301 post
392 1263 530 1290 annos
572 1251 905 1302 quatuordecim

105 1320 239 1358 quam
256 1313 436 1347 venerat
459 1308 501 1346 in
525 1307 785 1360 potestatem
809 1309 906 1348 bar-

106 1363 312 1403 barorum
332 1371 519 1417 recepta,
538 1365 768 1405 Heraclius
788 1366 905 1406 Iero-

104 1420 318 1473 solymam
342 1423 582 1462 reuertitur.
617 1423 747 1463 Vnde
769 1423 905 1476 ipsam

104 1478 148 1518 in
185 1479 350 1519 solenni
384 1493 550 1532 pompa
590 1480 673 1520 suis
714 1480 906 1521 humeris

106 1537 161 1576 ad
201 1536 417 1577 Caluariae
460 1544 657 1578 montem
699 1539 904 1591 portauit.

106 1593 321 1634 Miraculo
344 1600 493 1635 autem
517 1596 671 1635 datum
697 1595 767 1644 est,
785 1596 905 1648 quod

105 1658 153 1692 vt
187 1658 279 1692 erat
313 1666 419 1692 auro
457 1659 500 1693 et
532 1653 719 1705 gemmis
751 1654 904 1702 cultus,

105 1709 148 1749 in
172 1710 336 1762 egressu
358 1710 475 1750 vrbis
499 1711 755 1763 aliquandiu
784 1711 904 1751 haesi-

103 1768 246 1807 tauit:
277 1767 544 1820 imaginatus
577 1768 617 1808 se
649 1769 773 1809 exitu
805 1782 903 1821 pro-

103 1824 254 1874 hiberi,
277 1825 416 1866 donec
440 1826 633 1866 monitus
656 1840 680 1866 a
703 1826 904 1867 zacharia

104 1882 306 1931 antistite,
339 1883 508 1924 videret
544 1897 599 1923 ne
635 1898 790 1937 parum
823 1885 904 1925 rite

103 1939 277 1988 faceret,
318 1941 437 1993 quod
490 1940 708 1982 Christum
760 1942 904 1982 imita-

103 2004 221 2038 retur
243 1998 285 2037 in
306 1997 483 2038 ferenda
502 2012 627 2039 cruce
646 1999 902 2053 triumphali

103 2055 248 2095 nitens
271 2055 402 2105 cultu,
424 2070 524 2096 cum
554 2056 626 2096 ille
656 2057 785 2097 nudis
817 2058 902 2097 cal-

103 2113 236 2159 cibus,
279 2120 411 2165 atque
461 2113 684 2154 humiliter
730 2114 904 2164 tulisset,

104 2176 275 2210 mutata
289 2170 404 2210 veste
427 2171 512 2210 sine
531 2171 692 2211 offensa
714 2172 903 2213 confecit

104 2228 319 2280 reliquum
342 2229 436 2268 viae.
482 2228 570 2268 Vbi
593 2227 714 2269 vero¹
738 2229 793 2269 ad
816 2229 902 2269 cal-

104 2286 236 2325 uariae
259 2285 404 2325 locum
431 2285 491 2325 est
513 2291 706 2335 ventum,
728 2287 786 2326 ibi
809 2301 903 2327 cru·

103 2356 199 2382 ceni
223 2342 382 2390 statuit,
404 2343 521 2383 vnde
543 2343 683 2384 fuerat
714 2357 739 2383 a
769 2344 902 2384 Persis

104 2399 283 2440 sublata.
347 2400 648 2453 Quamobrem
691 2401 901 2442 statutum

103 2457 163 2497 est
185 2463 231 2497 vt
254 2459 390 2497 crucis
415 2458 631 2499 exaltatio
655 2472 801 2499 annua
824 2459 903 2499 fes-

103 2515 278 2555 tiuitate
300 2515 599 2556 celebraretur.
635 2515 901 2569 Quanquam

106 2572 254 2612 multis
286 2573 382 2626 alijs
415 2573 633 2613 miraculis
666 2575 820 2614 eadem
854 2575 902 2615 sit

103 2629 316 2670 exaltata.
388 2630 450 2670 Vt
501 2631 681 2683 quando
733 2632 900 2684 signum

104 2687 196 2727 eius
238 2687 280 2726 in
323 2687 436 2728 coelo
479 2702 536 2727 ex
578 2688 695 2729 claro
737 2689 902 2729 lumine

104 2742 364 2793 confc&um,
412 2745 660 2786 declinante
712 2746 754 2787 in
808 2747 902 2800 post

174 2886 185 2908 ¹
212 2898 298 2921 vero
323 2900 328 2922 :
348 2899 414 2921 om.
438 2889 476 2924 P.

174 2933 187 2955 ²
213 2934 271 2969 die
295 2943 344 2979 15.
362 2936 402 2969 ilc
421 2947 467 2970 m.

1702 141 1776 184 155

978 217 1270 258 meridianum
1287 219 1383 269 sole,
1397 220 1533 261 visum
1551 222 1610 262 est
1625 236 1650 262 a
1665 223 1780 264 Con—

977 273 1167 315 stantino
1197 282 1240 316 et
1270 277 1362 317 eius
1391 280 1600 329 exercitu,
1623 279 1705 320 hoc
1735 295 1778 321 a-

977 331 1134 385 scripto
1161 333 1381 382 versiculo,
1415 334 1701 377 Constantine
1734 339 1776 378 in

976 388 1060 429 hoc
1099 391 1236 432 vince.
1299 391 1400 445 Qua
1440 393 1600 434 visione
1651 394 1777 435 laetus

977 447 1304 498 Constantinus,
1336 450 1504 490 vexilla
1535 451 1608 491 sua
1639 452 1779 505 figura

975 506 1113 545 crucis
1151 506 1382 558 insigniuit.
1447 507 1672 549 Profecstus
1704 511 1779 550 de-

977 562 1079 602 inde
1096 564 1151 603 ad
1176 564 1376 616 praelium
1400 565 1556 618 plenus
1580 566 1663 619 spe,
1681 567 1777 607 sub-

976 619 1082 660 stitit
1103 621 1159 660 ad
1190 628 1373 674 pontem
1406 623 1623 672 Miluium‚
1646 626 1778 664 Max-

977 679 1145 718 entium
1197 678 1454 732 expectans.
1531 680 1619 734 Qui
1671 683 1777 723 vrbe

977 735 1135 785 Roma,
1178 750 1312 788 quam
1355 737 1546 787 tenebat,
1589 741 1777 792 egressus

976 806 1075 833 cum
1104 801 1286 846 pontem
1315 809 1371 835 ex
1405 796 1619 836 nauiculis
1652 804 1776 850 apta-

976 856 1082 898 tum,
1100 865 1187 904 quo
1210 851 1422 904 Tyberim
1446 854 1534 906 ipse
1557 855 1776 904 iunxerat,

975 908 1173 949 transiret
1215 924 1223 949 :
1265 923 1317 949 eo
1360 911 1602 952 subsidente
1644 918 1777 965 atque

976 964 1167 1015 disiecto,
1192 967 1435 1008 submersus
1459 969 1518 1009 est
1541 983 1641 1009 cum
1666 971 1776 1010 mul-

975 1023 1030 1063 tis
1062 1025 1242 1065 armatis
1270 1041 1278 1065 :
1304 1026 1667 1080 incruentamque
1688 1029 1776 1068 vic-

975 1081 1134 1122 toriam
1168 1082 1366 1136 religioso
1396 1084 1649 1138 imperatori
1679 1086 1774 1126 reli-

975 1139 1080 1191 quit.

976 1234 1020 1278 ΕΙ
1064 1230 1284 1273 Cornelias
1308 1240 1425 1286 papa
1460 1240 1502 1274 et
1539 1235 1778 1287 ijriamts

974 1289 1180 1342 episcopas
1200 1298 1420 1343 martyres
1452 1292 1596 1333 Lamo
1619 1294 1744 1334 tertia
1752 1293 1776 1336 ².

980 1362 1263 1446 COrnelius
1278 1367 1420 1418 patria
1430 1366 1658 1408 Romanus
1668 1383 1775 1421 pon-

1084 1421 1300 1463 tificatum
1322 1425 1445 1477 gessit
1463 1431 1662 1478 ternpore
1686 1427 1773 1467 De-

975 1475 1027 1528 cij
1053 1479 1341 1532 imperatoris
1376 1482 1462 1522 Hic
1480 1496 1579 1523 cum
1605 1484 1775 1525 Lucina

976 1543 1178 1577 matrona
1230 1537 1489 1580 sanctissima
1542 1541 1772 1582 beatorum

977 1592 1092 1634 Petri
1123 1601 1167 1636 et
1200 1596 1321 1636 Pauli
1354 1611 1536 1650 corpora
1569 1612 1594 1638 a
1626 1599 1774 1639 catha-

976 1652 1145 1693 cumbis
1189 1668 1196 1693 :
1237 1654 1310 1694 vbi
1362 1655 1507 1695 minus
1553 1662 1649 1697 tuta
1691 1658 1775 1697 esse

975 1708 1248 1761 videbantur,
1272 1711 1385 1752 clam
1418 1713 1590 1754 extulit.
1653 1714 1775 1768 Quo-

975 1779 1070 1808 rum
1107 1768 1290 1809 Paulum
1326 1770 1494 1810 Lucina
1526 1772 1570 1811 in
1606 1773 1775 1824 praedio

974 1823 1048 1865 suo
1070 1825 1140 1866 via
1164 1826 1344 1867 Ostiensi
1368 1841 1454 1868 non
1478 1828 1609 1882 longe
1631 1844 1656 1870 a
1677 1830 1774 1871 loco

973 1883 1046 1923 vbi
1081 1884 1222 1925 suerat
1254 1885 1429 1933 occisus,
1462 1886 1639 1927 Petrum
1672 1902 1774 1928 vero

976 1940 1204 1981 Cornelius
1237 1956 1324 1982 non
1357 1942 1488 1996 longe
1519 1958 1545 1984 a
1577 1944 1674 1985 loco
1700 1946 1772 1986 vbi

974 1998 1114 2039 fuerat
1141 2000 1256 2039 cruci
1286 2000 1445 2041 affixus
1478 2002 1771 2055 reposuerunt.

974 2057 1138 2096 Decius
1161 2063 1309 2097 autem
1333 2059 1511 2111 cognito
1529 2061 1647 2112 quod
1668 2061 1772 2102 Cor-

973 2114 1112 2154 nelius
1146 2115 1309 2155 multos
1347 2116 1403 2156 ad
1441 2116 1572 2157 fidem
1616 2118 1772 2159 Christi

973 2172 1317 2222 conuerterunt3,
1327 2173 1517 2214 Centum
1530 2175 1661 2215 cellas
1671 2189 1770 2216 eum

973 2229 1083 2269 misit
1106 2229 1148 2269 in
1172 2230 1366 2272 exilium.
1410 2231 1499 2271 Vbi
1523 2232 1771 2285 Cyprianus

972 2285 1313 2339 carthaginensis
1355 2288 1582 2342 episcopus
1631 2291 1769 2343 ipsum

972 2357 1050 2396 per
1085 2344 1231 2384 literas
1266 2345 1513 2386 consolatus
1546 2347 1616 2387 est.
1680 2348 1768 2389 Sed

971 2401 1054 2441 hoc
1083 2400 1307 2442 intellecto
1338 2403 1500 2443 Decius
1530 2405 1768 2446 missionem

972 2464 1014 2499 et
1032 2460 1318 2500 remissionem
1337 2460 1557 2501 literarum
1578 2463 1770 2515 maligne

972 2517 1284 2569 interpretatus
1342 2518 1594 2559 Cornelium
1647 2534 1770 2561 reuo-

972 2575 1098 2623 cauit,
1116 2575 1231 2627 quasi
1252 2589 1372 2615 reum
1392 2576 1502 2616 laesae
1521 2578 1768 2618 maiestatis.

974 2632 1209 2684 Ipsumque
1233 2632 1472 2685 plumbatis
1495 2635 1601 2683 cedi,
1625 2649 1674 2675 ac
1696 2637 1770 2676 de-

972 2689 1072 2730 inde
1090 2690 1146 2729 ad
1171 2690 1326 2730 Martis
1343 2691 1645 2732 simulachrum
1666 2694 1770 2733 ado-

972 2747 1158 2787 randum
1182 2748 1282 2788 duci
1314 2748 1444 2789 iubet.
1507 2749 1639 2803 Quod
1669 2764 1768 2792 cum

1042 2889 1054 2910 ³
1081 2895 1312 2925 conuerteret
1335 2902 1340 2925 :
1363 2891 1405 2925 R.
1428 2891 1463 2925 Γ.
1486 2892 1528 2925 Α.
