1981 3248
859 156 1096 190 MARTJUS.

126 232 244 273 Iesus
275 238 366 273 erat
398 233 610 285 incipiens
639 232 756 285 quasi
784 246 919 273 anno-

125 303 219 329 rum
250 291 430 343 triginta
460 296 507 331 vt
536 291 777 343 putabatur
804 290 919 330 filius

127 347 293 401 Ioseph.
385 348 479 388 Nec
537 348 603 388 vir
663 362 765 401 ergo
828 361 920 388 ma-

123 405 212 455 tris,
233 418 312 446 nec
335 405 408 458 filij
434 411 559 458 pater
586 405 736 445 extitit
766 419 919 458 quam-

125 462 190 502 uis
213 468 331 502 certa
353 463 419 516 (vt
434 462 600 503 di&um
619 463 698 513 est)
716 469 758 503 et
777 463 920 503 neces-

126 519 232 559 saria
262 520 580 573 dispensatione
608 527 842 574 Vtrumque
865 521 919 561 ad

127 583 302 630 tempus
320 584 364 618 et
386 578 634 631 appellatus
657 578 705 618 sit
728 585 770 619 et
793 584 920 631 puta-

125 640 206 683 tus,
231 635 397 688 conijce
420 643 568 676 tamen
592 650 649 676 ex
672 636 753 676 hac
772 635 921 689 appel-

126 691 290 733 latione
331 707 417 746 qua
464 693 565 734 licet
610 694 922 747 dispensatoria

126 751 284 791 meruit
312 750 515 791 honorari
547 750 573 792 a
604 752 688 792 deo
720 758 767 792 vt
799 758 924 804 pater

126 808 195 848 dei
248 814 291 849 et
342 806 484 849 dif'cus
537 816 580 850 et
631 810 822 850 creditus
864 809 924 857 fit,

130 865 307 918 Conijce
341 872 385 906 et
418 881 475 907 ex
504 867 679 920 proprio
707 866 923 907 vocabulo

127 924 246 976 quod
289 931 574 977 augmentum
618 938 705 965 non
748 924 925 964 dubitas

128 981 404 1034 interpretari
427 983 523 1035 quis
554 989 597 1023 et
625 982 767 1035 qualis
796 982 924 1022 fuerit

127 1038 261 1079 homo
299 1039 374 1079 iste
411 1040 558 1092 ioseph
595 1040 716 1080 fimul
754 1046 797 1080 et
834 1053 923 1080 me-

128 1103 277 1137 mento
329 1098 478 1151 magni
530 1097 645 1138 illius
697 1099 923 1151 quondam

126 1154 386 1206 patriarchae
422 1156 588 1196 venditi
625 1156 667 1195 in
701 1155 926 1209 Aegypto,

129 1218 171 1252 et
206 1212 310 1252 scito
344 1212 472 1266 ipsius
506 1213 631 1253 istum
666 1227 753 1253 non
789 1213 925 1253 solum

126 1270 392 1310 vocabulum
416 1270 535 1311 fuisse
558 1271 768 1320 sortitum,
787 1271 857 1311 sed
883 1277 925 1311 et

128 1327 429 1368 castimoniam
467 1329 679 1381 adeptum
718 1329 925 1369 innocen-

129 1385 236 1425 tiam
270 1386 508 1426 assecutum
542 1393 585 1426 et
616 1387 815 1439 gratiam.
879 1385 926 1427 Si

129 1443 308 1495 quidem
344 1443 415 1483 ille
452 1443 608 1497 loseph
644 1444 835 1484 fraterna
870 1458 926 1484 eX

129 1501 296 1541 inuidia
337 1501 542 1541 venditus
586 1508 629 1542 et
681 1500 839 1542 du&us
882 1502 923 1541 in

129 1557 391 1611 Aegyptum
436 1559 590 1600 Christi
624 1560 926 1600 venditionem

129 1616 438 1669 praefigurauit.
502 1617 586 1657 Iste
616 1617 773 1670 Ioseph
803 1617 926 1657 hero-

130 1674 309 1714 dianam
340 1674 552 1714 inuidiam
584 1674 755 1728 fugiens
787 1674 926 1716 Chris-

129 1737 223 1771 tum
247 1732 289 1771 in
314 1731 574 1785 Aegyptum
598 1732 802 1785 portauit.
848 1732 927 1772 Ille

130 1789 310 1829 domino
335 1789 409 1830 suo
433 1789 565 1830 fidem
589 1790 762 1830 seruans
786 1790 927 1831 domi-

130 1860 197 1886 nae
261 1846 401 1887 noluit
468 1848 749 1888 commisceri.
845 1848 928 1888 Iste

128 1904 355 1944 dominam
389 1905 508 1945 suam
544 1906 712 1946 domini
744 1905 804 1946 sui
838 1919 928 1946 ma-

127 1968 240 2002 trem
263 1963 478 2015 virginem
510 1963 748 2016 agnoscens
775 1969 819 2004 et
842 1963 929 2017 ipse

129 2021 358 2060 continens
381 2020 567 2061 fideliter
589 2021 832 2062 custodiuit.

192 2111 235 2155 11
269 2108 523 2149 Benedz'fft'us
542 2110 692 2151 Abbas
713 2110 864 2163 duplex

293 2167 447 2207 minus.
508 2167 653 2208 Lea‘Zz'o
675 2166 770 2221 ‚z'z'j¹.

212 2246 451 2288 Enedffitus
481 2262 538 2288 ex
571 2249 723 2289 Nurfia
753 2250 931 2290 ciuitate

239 2305 365 2346 claris
416 2307 671 2359 parentibus
715 2314 846 2356 ortus,
888 2314 931 2348 et

133 2363 289 2403 Romae
307 2363 558 2404 liberalibus
578 2364 814 2417 disciplinis
836 2378 931 2405 eru-

130 2421 258 2469 ditus,
294 2421 348 2461 ab
391 2421 479 2474 ipsa
512 2421 696 2461 infantia
727 2421 929 2462 christum

131 2479 306 2531 egregia
343 2479 508 2532 pietate
541 2479 686 2529 coluit,
723 2486 766 2520 et
803 2480 930 2520 mira-

131 2536 237 2576 culis
279 2536 445 2577 claruit.
510 2536 641 2589 Quod
683 2543 728 2577 vt
770 2537 932 2578 faceret

130 2594 382 2646 expeditius
434 2595 476 2634 in
529 2593 837 2644 solitudinem²‚
888 2602 931 2636 et

131 2650 303 2703 specum
329 2652 552 2704 quandam
575 2652 850 2704 profundam,
875 2654 929 2693 ad

131 2709 273 2749 locum
314 2709 387 2761 qui
421 2710 579 2749 dicitur
612 2710 838 2758 Sublacus,
872 2710 930 2750 se-

130 2767 255 2807 cesfit.
299 2767 386 2807 Vbi
405 2768 593 2808 triennio
616 2768 745 2808 latuit
762 2766 930 2808 cunffis

201 2920 212 2941 ¹
239 2921 298 2956 die
318 2931 371 2955 21.
392 2922 432 2955 in
451 2933 496 2956 m.

200 2968 213 2988 ²
238 2968 432 3004 solitudine
456 2980 462 3003 :
485 2970 521 3003 P.
538 2970 580 3003 A.

1720 152 1791 182 121

988 233 1240 274 hominibus
1259 234 1507 286 incognitus
1523 239 1682 286 praeter
1700 234 1791 273 Ro-

989 305 1170 331 manum
1195 291 1472 339 monachum,
1490 291 1563 343 qui
1587 292 1625 331 ei
1649 290 1791 330 neces—

989 348 1095 388 saria
1149 348 1498 388 subministrabat
1591 349 1643 388 In
1705 361 1792 400 qua

990 405 1221 446 solitudine
1251 419 1351 446 cum
1383 406 1455 446 die
1481 406 1675 458 quodam
1700 406 1791 445 dia-

990 463 1132 503 bolica
1153 464 1399 504 tentatione
1422 465 1577 503 ardore
1600 463 1790 503 libidinis

989 527 1193 569 vreretur,
1217 521 1257 561 se
1287 522 1328 561 in
1361 521 1491 574 spinis
1521 527 1564 561 et
1585 521 1791 574 vepribus

991 580 1158 619 nudum
1182 578 1409 627 volutauit,
1427 579 1568 619 donec
1586 585 1791 619 cruentus

993 643 1035 677 et
1077 637 1291 677 laceratus
1338 637 1629 677 tentationem
1671 635 1793 689 supe—

992 700 1114 734 raret.
1180 695 1353 734 Deinde
1375 701 1556 735 vocatus
1579 693 1604 734 a
1620 693 1791 746 quibus-

991 753 1095 792 dam
1113 752 1406 801 monachis,vt
1421 752 1608 805 ipsorum
1626 751 1793 791 monas-

993 811 1101 850 terio
1145 810 1351 863 praeesset,
1390 810 1570 862 quidam
1604 809 1792 862 ipsorum

993 868 1183 908 dissoluti
1221 881 1320 908 cum
1354 868 1486 921 paulo
1519 867 1705 907 seuerius
1738 867 1794 907 ab

993 939 1045 965 eo
1077 924 1380 974 traffiarentur,
1407 925 1545 979 ipsum
1576 933 1795 965 venenato

992 983 1095 1024 vino
1110 997 1265 1023 necare
1280 983 1605 1024 constituerunt.
1663 982 1794 1035 Quod

995 1055 1094 1081 cum
1132 1042 1168 1081 ei
1205 1041 1247 1081 in
1287 1041 1446 1094 poculo
1479 1041 1617 1081 vitreo
1659 1041 1795 1093 porri-

994 1105 1157 1151 gerent,
1181 1098 1253 1139 ille
1280 1113 1370 1138 rem
1401 1099 1611 1139 diuinitus
1643 1097 1797 1152 agnos-

995 1170 1109 1206 cens,
1125 1156 1213 1196 solo
1229 1157 1346 1210 signo
1362 1157 1500 1197 crucis
1519 1170 1651 1196 manu
1667 1154 1795 1204 fa&o‚

996 1228 1072 1255 vas
1098 1212 1312 1254 intafitum
1343 1215 1599 1254 mirabiliter
1631 1213 1796 1254 confre-

995 1272 1069 1324 git.
1133 1273 1192 1313 Et
1223 1272 1394 1312 dimisso
1438 1271 1697 1312 monasterio
1740 1271 1795 1311 ad

997 1329 1272 1370 solitudinem
1297 1331 1520 1370 remeauit.
1573 1329 1674 1383 Quo
1697 1343 1795 1369 cum

996 1387 1122 1427 multi
1146 1387 1342 1441 discipuli
1360 1388 1670 1437 conuenissent,
1690 1388 1797 1428 duo-

998 1446 1141 1485 decim
1215 1445 1474 1485 monasteria
1545 1445 1798 1493 construxit,

997 1517 1095 1555 quae
1128 1504 1306 1556 optimis
1339 1503 1554 1552 institutis,
1589 1503 1797 1556 exemplo

997 1559 1250 1610 sanffitatis,
1274 1561 1422 1601 multis
1456 1561 1589 1601 etiam
1620 1560 1797 1613 sequen-

998 1619 1114 1659 tibus
1134 1619 1260 1672 signis
1284 1625 1327 1659 et
1348 1618 1566 1659 miraculis
1584 1618 1800 1666 fundauit,

998 1677 1406 1729 monachorumque
1448 1676 1646 1730 regulam
1699 1690 1799 1729 pru—

998 1734 1241 1774 dentissime
1276 1748 1325 1774 ac
1353 1734 1595 1774 luculenter
1629 1733 1799 1786 scripsit.

999 1791 1125 1844 Obijt
1158 1798 1305 1832 autem
1349 1792 1465 1832 diem
1498 1792 1632 1840 suum,
1667 1805 1799 1844 quem

998 1850 1138 1890 multo
1200 1856 1302 1890 ante
1356 1850 1660 1903 praecognouit
1711 1848 1799 1901 xij.

997 1907 1204 1948 calendas
1226 1907 1404 1961 Aprilis.

1021 2029 1065 2074 11
1099 2027 1395 2068 Annmzcz’atz’o
1416 2027 1478 2067 M
1475 2028 1566 2068 arie
1587 2028 1776 2081 virginis

1072 2085 1227 2137 duplex
1245 2085 1389 2126 maius
1409 2085 1491 2125 Ad
1520 2084 1725 2138 Vesperas.

1294 2191 1349 2230 H
1336 2204 1509 2243 ymnus.

1058 2265 1160 2306 Aue
1182 2265 1314 2305 maris
1337 2264 1490 2306 stella³.

1322 2372 1481 2415 Oratio.

1060 2448 1181 2488 Deus
1204 2448 1278 2501 qui
1302 2448 1357 2488 de
1379 2448 1520 2488 beatae
1546 2448 1730 2490 Mariae⁴.

1088 2580 1131 2625 11
1164 2578 1246 2618 Ad
1263 2579 1527 2620 matutinum
1551 2580 1710 2620 inuita-

1313 2637 1479 2678 lorium.

1059 2709 1158 2750 Aue
1181 2711 1318 2751 maria
1340 2712 1481 2763 gratia
1505 2711 1635 2764 plena
1657 2713 1796 2753 domi-

1001 2782 1080 2808 nus
1102 2775 1257 2809 tecum.

1071 2923 1084 2944 ³
1097 2924 1169 2967 sol.
1190 2924 1322 2957 ‘altimo
1341 2937 1353 2959 .·
1370 2924 1451 2957 add.
1472 2924 1514 2960 A.

1075 2969 1087 2991 4
1112 2971 1285 3014 vtsuprcz
1305 2983 1317 3005 .·
1335 2971 1417 3004 add.
1438 2971 1481 3004 A.
