1981 3248
168 165 223 196 2Ο
620 170 875 202 DOMJNJCA
907 170 1067 201 PRIMA
1100 169 1389 203 ADUENTUS.

167 258 527 300 praeoccupemus
569 245 747 287 faciem¹
791 247 884 287 eius
927 247 969 287 in

169 304 429 346 confessione
462 321 470 346 :
502 311 545 346 et
577 306 620 345 in
652 305 830 359 psalmis
862 305 972 345 iubi-

169 361 310 403 lemus
333 363 381 404 ei.

229 420 452 474 Quoniam
495 420 604 462 deus
654 434 842 473 magnus
893 420 971 461 do-

171 477 316 518 minus
362 494 370 520 :
410 485 454 520 et
496 493 575 519 rex
617 492 805 531 magnus
848 478 973 532 super

170 549 326 576 omnes
357 537 464 577 deos
498 551 506 577 :
540 537 751 590 quoniam
785 550 873 576 non
907 549 971 576 re-

170 593 306 646 pellet
342 595 549 635 dominus
586 595 761 648 plebem
800 594 919 634 suam
963 609 971 633 ε

170 652 274 704 quia
307 652 351 692 in
389 666 522 693 manu
560 653 651 693 eius
687 652 783 693 sunt
817 665 971 692 omnes

171 709 279 750 fines
307 716 434 751 terrae
457 726 465 751 :
488 717 531 751 et
561 710 817 751 altitudines
848 724 971 750 mon-

170 767 280 807 tium
304 768 391 821 ipse
413 768 633 822 conspicit.

229 824 452 878 Quoniam
481 827 608 879 ipsius
638 825 699 867 est
731 839 852 866 mare
886 841 894 865 :
929 830 973 866 et

169 882 257 936 ipse
280 884 381 925 fecit
404 884 511 925 illud
537 900 545 925 :
569 890 613 924 et
630 884 799 924 aridam
818 884 972 924 funda-

171 948 328 982 uerunt
361 956 518 982 manus
551 943 653 983 eius.
686 942 833 982 venite
867 942 972 981 ado-

171 1012 341 1040 remus:
360 1001 693 1053 etprocidamus
704 999 972 1040 antedeum:

171 1057 394 1109 ploremus
435 1072 583 1098 coram
626 1058 810 1098 domino
850 1070 859 1098 :
896 1057 970 1110 qui

170 1115 272 1156 fecit
294 1129 374 1155 nos
404 1131 412 1156 :
441 1117 544 1169 quia
572 1116 660 1169 ipse
683 1115 742 1156 est
765 1116 971 1155 dominus

169 1174 279 1214 deus
302 1173 444 1214 noster
466 1190 473 1214 :
497 1187 576 1214 nos
599 1180 748 1214 autem
778 1173 970 1227 populus

168 1231 273 1280 eius,
295 1238 339 1272 et
361 1245 467 1272 oues
488 1231 659 1285 pascuae
681 1231 785 1271 eius.

230 1289 380 1329 Hodie
397 1289 424 1329 s1
440 1303 594 1330 vocem
609 1290 702 1330 eius
718 1288 943 1329 audieritis
961 1303 969 1328 :

169 1346 307 1388 nolite
347 1348 566 1388 obdurare
607 1347 741 1387 corda
781 1346 920 1387 vestra
962 1361 970 1386 :

168 1404 274 1446 ficut
296 1405 339 1445 in
363 1405 705 1446 exacerbatione
732 1404 969 1445 secundum

167 1463 287 1504 diem
317 1463 576 1504 tentationis
606 1463 650 1502 in
676 1463 846 1503 deserto
869 1478 876 1502 :
897 1462 970 1503 vbi

167 1527 452 1562 tentauerunt
495 1534 565 1561 me
610 1526 758 1574 patres
796 1520 923 1561 vestri
962 1535 970 1560 ε

167 1579 479 1632 probauerunt,
511 1585 556 1620 et
590 1579 797 1620 viderunt
833 1591 969 1631 opera

170 1651 283 1678 mea.

227 1694 537 1748 Quadraginta
573 1694 700 1735 annis
738 1694 970 1747 proximus

168 1753 228 1794 fui
264 1753 539 1807 generationi
582 1752 683 1792 huic
727 1766 735 1793 :
777 1758 821 1792 et
862 1752 968 1800 dixi,

167 1812 336 1864 semper
364 1811 407 1850 hi
431 1816 578 1851 errant
603 1811 747 1850 corde.
771 1809 844 1862 ipfi
867 1823 971 1850 vero

167 1883 255 1909 non
279 1873 583 1922 cognouerunt
605 1869 699 1908 vias
723 1881 853 1907 meas.
877 1868 972 1921 qui-

167 1928 261 1968 bus·
281 1927 418 1966 iuraui
450 1927 492 1966 in
523 1926 585 1966 ira
615 1939 713 1966 mea
743 1941 750 1966 :
779 1925 806 1965 s1
838 1925 971 1966 intro-

168 1987 293 2025 ibunt
316 1985 359 2024 in
383 1984 577 2037 requiem
600 1996 756 2024 meam.
820 1982 971 2024 Gloria

167 2040 312 2096 patri2.

224 2099 393 2141 Deinde
414 2099 608 2140 Domine
634 2097 968 2152 praestolamur⁵.

167 2159 368 2211 vtficpra.
397 2156 970 2210 Praedic‘ffzcspsalmusmedo

157 2216 361 2269 praedit-70
382 2215 544 2256 dicitnr
552 2222 636 2268 per
653 2221 788 2255 totum
804 2228 968 2254 ameum

166 2289 260 2315 cam
288 2273 539 2314 z'nm‘tatorz'o
566 2272 755 2325 tempori,
777 2273 846 2312 vel
859 2272 970 2326 feste

166 2332 486 2379 accommodato,
505 2337 796 2384 proelerqnam
823 2330 868 2371 in
891 2330 971 2371 tri-

167 2391 250 2431 duo
270 2396 369 2430 ante
378 2389 548 2442 pascha.
571 2388 766 2441 hymnus.

257 2482 333 2524 Ox
365 2481 481 2522 clara
512 2494 613 2521 ecce
647 2480 821 2520 intonat
853 2494 860 2520 :
892 2479 971 2520 ob-

275 2540 395 2579 scura
418 2552 592 2591 queque
616 2539 823 2591 increpat.
875 2537 970 2578 Pel-

166 2597 313 2638 lantur
330 2598 501 2637 eminus
524 2596 690 2636 somnia
708 2611 716 2636 z
734 2596 789 2636 ab
807 2595 970 2636 aethere

169 2655 363 2697 Christus
385 2654 614 2707 promicat.

228 2713 356 2753 Mens
393 2712 481 2752 iam
518 2711 711 2763 resurgat
747 2711 924 2764 torpida
962 2725 969 2750 :

168 2784 267 2824 quae
309 2770 432 2810 sorde
472 2775 600 2810 extat
642 2769 793 2809 saucia.
837 2768 966 2822 sydus

239 2843 251 2864 1
277 2842 423 2877 facem:
452 2843 490 2876 P.

238 2890 251 2911 2
277 2890 366 2924 sicut
384 2895 462 2924 erat
481 2901 488 2923 :
513 2889 595 2922 add.
617 2889 660 2923 R.
683 2890 720 2923 Ρ.
741 2889 785 2923 Α.

236 2938 249 2958 3
275 2944 341 2971 etc.
362 2949 368 2971 :
394 2936 477 2969 add.
499 2936 543 2968 R.
565 2937 604 2969 P.
624 2937 666 2969 A.

237 2983 251 3004 ⁴
277 2990 345 3019 etc.
366 2995 372 3018 :
399 2983 484 3017 add.
509 2983 549 3016 R.
573 2984 610 3017 P.
630 2983 674 3017 A.

1040 246 1228 300 refulget
1263 248 1348 288 iam
1385 260 1550 288 nouum
1591 263 1599 289 :
1636 252 1684 289 vt
1717 246 1847 289 tollat

1041 318 1175 345 omne
1198 319 1399 346 noxium.

1101 363 1140 403 E
1191 363 1352 404 sursum
1404 377 1544 416 agnus
1594 363 1783 404 mittitur
1837 376 1845 402 :

1041 419 1194 460 laxare
1235 422 1372 474 gratis
1409 422 1609 462 debitum
1647 436 1654 461 :
1691 434 1846 461 omnes

1042 491 1122 530 pro
1165 478 1454 532 indulgentia.
1495 493 1650 520 vocem
1688 479 1845 519 demus

1041 549 1141 576 cum
1166 536 1412 589 lachrymis.

1101 593 1307 635 Secundo
1324 600 1371 635 vt
1388 607 1487 634 cum
1506 593 1669 634 fulserit
1689 608 1697 634 ς
1719 603 1846 634 mun-

1041 652 1237 704 dumque
1254 652 1406 692 horror
1423 653 1613 693 cinxerit
1634 668 1641 689 τ
1661 666 1748 692 non
1767 666 1846 705 pro

1043 716 1165 750 reatu
1193 711 1360 763 puniat,
1388 710 1460 751 sed
1495 711 1594 764 pius
1629 723 1710 750 nos
1739 715 1846 750 tunc

1042 774 1258 821 protegat.

1102 826 1232 875 Laus,
1253 825 1404 874 honor,
1426 825 1575 874 virtus,
1597 825 1737 878 gloria
1760 826 1846 866 deo

1041 884 1168 937 patri,
1190 890 1234 924 et
1264 883 1364 929 filio,
1389 882 1538 924 san6³oe
1566 883 1690 924 simul
1719 897 1844 937 para-

1042 941 1169 991 cleto,
1187 942 1230 981 in
1249 942 1490 982 seculorum
1509 941 1660 982 secula.
1683 941 1845 982 Amen.

1099 1000 1345 1040 Proedz'aus
1377 999 1561 1052 lzymnas
1593 999 1757 1040 dicitnr
1787 999 1852 1039 ad

1042 1058 1307 1098 matutinmlz
1329 1057 1455 1110 vsqae
1470 1057 1532 1097 ad
1549 1057 1750 1110 vzgilz'am
1769 1071 1845 1097 na-

1042 1115 1234 1156 tiuitatis
1255 1115 1456 1168 inclastae
1475 1121 1566 1156 tam
1588 1115 1634 1155 2'72
1659 1115 1846 1156 domini-

1040 1172 1111 1222 cis,
1132 1187 1262 1226 qnam
1287 1173 1332 1213 2‘72
1343 1173 1489 1226 feriss,
1514 1173 1595 1225 nisi
1614 1180 1777 1226 agatur
1795 1173 1847 1213 de

1029 1231 1194 1282 scmfflo.
1246 1231 1351 1284 Post
1365 1231 1571 1283 hymnum
1600 1231 1849 1271 immediate

1040 1288 1247 1329 dicantar
1267 1295 1351 1329 tres
1367 1288 1542 1341 psalmi.
1566 1295 1616 1329 vt
1629 1289 1741 1341 stmt
1758 1289 1845 1341 dis-

1041 1346 1198 1387 tributi
1217 1347 1263 1387 2'72
1282 1346 1499 1399 psalterio,
1522 1347 1676 1399 quibus
1694 1347 1847 1401 finitis

1040 1404 1211 1446 dicitnr.
1260 1405 1390 1445 Pater
1412 1403 1583 1446 noster.4
1636 1404 1681 1446 V.
1708 1405 1767 1445 Et
1789 1418 1845 1445 ne

1041 1476 1133 1504 nos.
1181 1463 1235 1503 R.
1273 1462 1362 1504 Sed
1387 1463 1523 1503 libera
1544 1476 1635 1503 nos.
1676 1462 1846 1503 Deinde

1040 1520 1248 1561 dicantar
1273 1527 1359 1561 tres
1388 1520 1591 1570 leffiones,
1611 1526 1653 1561 et
1676 1520 1848 1561 cuilibet

1029 1578 1331 1631 praemittitur.
1411 1577 1457 1620 V.
1507 1579 1617 1619 Iube
1665 1579 1844 1619 domine

1041 1637 1309 1677 benedicere.
1361 1636 1429 1676 Et
1446 1636 1510 1676 ad
1521 1636 1732 1689 primam,
1754 1650 1848 1690 qnoe

1028 1693 1199 1747 semper
1221 1694 1279 1748 est
1296 1695 1450 1735 velem&
1473 1694 1716 1748 testamenti,
1739 1695 1845 1735 dz'cz‘-

1041 1759 1125 1794 tur.
1157 1752 1411 1794 Benedic‘ffio.
1455 1753 1579 1792 Deus
1601 1758 1728 1805 pater
1749 1766 1844 1793 om-

1041 1811 1247 1864 nipotens
1284 1810 1333 1851 fit
1370 1810 1497 1851 nobis
1538 1811 1756 1864 propitius
1798 1816 1842 1851 et

1041 1868 1245 1909 clemens.
1305 1868 1360 1908 R.
1403 1868 1566 1909 Amen.

1041 1950 1085 1995 (I
1105 1947 1265 1999 Incipit
1269 1946 1494 2001 prephetia
1512 1946 1639 1999 z'saz'oe.
1658 1946 1776 1988 leffiz'o
1787 1945 1843 2001 j.5

1042 2014 1214 2097 Vlsio
1255 2015 1369 2055 isaiae
1410 2014 1486 2068 filij
1531 2028 1667 2064 amos,
1708 2028 1842 2068 quam

1157 2073 1269 2114 vidit
1296 2073 1422 2126 super
1450 2073 1600 2113 iudam
1629 2079 1674 2114 et
1701 2072 1845 2114 hieru-

1041 2130 1172 2171 salem
1202 2131 1245 2171 in
1272 2131 1428 2171 diebus
1457 2131 1591 2180 Oziae,
1624 2130 1842 2180 Ioatham,

1041 2187 1207 2238 achaz⁶‚
1230 2194 1274 2229 et
1301 2188 1518 2237 Ezechiae,
1541 2202 1693 2241 regum
1718 2189 1842 2231 Iuda.

1040 2247 1210 2288 Audite
1238 2246 1350 2295 coeli,
1379 2252 1423 2287 et
1456 2247 1633 2287 auribus
1666 2247 1843 2300 percipe

1039 2311 1165 2353 terra,
1194 2305 1405 2358 quoniam
1435 2304 1642 2344 dominus
1670 2304 1843 2345 locutus

1040 2363 1112 2412 est,
1143 2363 1279 2403 Filios
1308 2362 1509 2411 enutriui,
1535 2368 1579 2403 et
1607 2361 1804 2403 exaltaui
1834 2377 1844 2403 :

1040 2421 1115 2474 ipfi
1138 2427 1287 2461 autem
1310 2420 1565 2473 spreuerunt
1587 2433 1667 2461 me.
1726 2420 1843 2473 Cog-

1041 2479 1167 2519 nouit
1203 2479 1282 2518 bos
1319 2478 1593 2531 possessorem
1629 2477 1762 2527 suum,
1798 2484 1843 2518 et

1039 2537 1179 2577 asinus
1201 2536 1393 2589 praesepe
1414 2536 1581 2576 domini
1600 2535 1660 2575 sui
1687 2551 1695 2576 ;
1717 2535 1840 2576 israel

1040 2601 1189 2635 autem
1229 2607 1318 2634 non
1361 2594 1583 2646 cognouit,
1617 2598 1662 2633 et
1702 2607 1842 2646 popu-

1039 2652 1105 2693 lus
1153 2665 1276 2692 meus
1322 2665 1411 2691 non
1458 2651 1691 2692 intellexit.
1758 2652 1841 2692 Vae

1037 2710 1159 2764 genti
1177 2709 1421 2762 peccatrici,
1438 2708 1603 2762 populo
1619 2708 1743 2761 graui
1761 2709 1843 2748 ini-

1037 2768 1218 2821 quitate,
1237 2767 1385 2807 semini
1408 2780 1610 2819 nequam,
1634 2766 1734 2818 filijs
1756 2766 1842 2806 sce-

1106 2840 1120 2861 5
1144 2851 1226 2884 cap.
1258 2850 1285 2874 1.
1312 2840 1353 2873 ia
1380 2839 1552 2884 mmgrine
1575 2840 1646 2873 :R.
1665 2840 1709 2873 V.
1729 2840 1773 2873 A.
1801 2838 1840 2883 [i.

1042 2895 1163 2931 1—15.
1199 2888 1286 2921 Has
1302 2888 1455 2931 priores
1477 2887 1650 2920 lectiones
1660 2887 1752 2931 fuse
1774 2887 1839 2920 da-

1037 2946 1129 2969 mus,
1161 2935 1247 2968 vide
1255 2934 1520 2978 proesationem
1539 2931 1736 2978 nostram]

1112 2981 1125 3002 ⁶
1150 2982 1283 3016 Achan
1304 2993 1311 3016 ε
1338 2982 1376 3015 Ρ.
1396 2982 1439 3015 Α.
