1981 3248
163 110 241 161 138

157 201 245 254 ipse
260 202 333 243 fibi
353 202 497 245 sedem
515 202 802 245 Antiochiam
818 203 963 258 elegit.

156 259 245 300 Sed
263 261 359 313 post
377 261 679 315 episcopatum
704 262 962 303 antiochen-

155 317 205 357 fis
228 319 415 359 ecclefiae
439 326 482 360 et
504 321 853 373 predicationem
880 321 964 362 dis-

156 376 363 428 persionis
396 392 560 428 eorum,
596 379 671 432 qui
704 379 760 419 de
794 379 962 419 circun-

156 433 313 475 cisione
365 436 654 484 crediderant,
710 437 752 477 in
808 437 963 485 Ponto,

159 490 365 542 Galatia„
401 494 697 547 Cappadocia,
751 493 870 544 Asia,
917 500 962 535 et

159 549 381 603 Bithynia,
413 551 600 593 secundo
634 552 807 605 Claudij
843 566 961 592 anno

157 607 412 649 admonitus
490 609 515 650 a
588 610 735 663 spiritu
813 608 961 650 sancto

160 666 351 706 Romam
376 667 583 720 migrauit
612 668 668 708 ad
698 669 962 708 conuincen-

157 724 264 764 dum
300 724 530 766 Simonem
560 740 741 779 magum
775 742 783 767 :
815 733 858 767 et
889 741 961 767 Ve-

158 795 251 822 ram
304 782 437 823 fidem
487 785 815 824 enunciandum
866 800 874 825 :
916 785 959 824 in

157 853 297 893 eaque
319 841 435 890 vrbe,
454 855 552 895 quae
575 848 708 895 caput
730 842 846 882 orbis
869 849 962 883 erat

158 898 380 938 ecclesiam
420 900 753 941 moderandum.
817 901 962 942 Simo-

158 956 225 995 nis
257 970 361 1009 ergo
394 956 581 998 difieffis
614 958 817 1007 tenebris,
847 958 960 999 frau-

158 1013 371 1067 dibusque
385 1014 599 1056 conuiffifis
614 1029 639 1056 a
656 1017 797 1064 Petro,
813 1016 961 1056 lumen

158 1072 278 1112 verbi
300 1073 371 1112 dei
396 1073 588 1114 Romam
620 1080 663 1114 et
687 1074 864 1114 Italiam
888 1088 961 1114 eo-

158 1129 261 1170 dem
288 1129 468 1171 3υὸὶοιέ
502 1131 689 1171 multum
723 1132 962 1173 illustraue-

158 1194 235 1237 rat,
259 1201 359 1229 cum
385 1188 546 1229 Paulus
569 1188 741 1230 vinctus
766 1190 959 1230 Romam

156 1246 415 1298 deportatur
433 1247 621 1287 secundo
639 1248 813 1288 neronis
832 1262 961 1297 anno,

155 1303 387 1357 postquam
440 1305 720 1358 euangelium
773 1320 874 1346 cum
917 1306 959 1346 in

159 1361 299 1414 Syria,
345 1362 461 1412 Asia,
502 1368 599 1403 tum
644 1363 868 1417 praecipue
916 1364 960 1404 in

159 1419 330 1460 Graecia
347 1420 479 1473 Vsque
501 1421 557 1461 ad
583 1421 780 1474 Illyriam
804 1422 961 1475 praedi-

157 1478 299 1518 casset.
357 1478 493 1519 Cuius
517 1479 723 1529 aduentu,
748 1486 791 1520 et
814 1494 958 1533 opera,

158 1549 322 1589 magna
362 1551 477 1577 verce
529 1537 709 1590 pietatis
762 1544 806 1578 et
857 1538 959 1578 fidei

158 1595 337 1634 accessio
360 1593 476 1635 sacta
505 1595 565 1635 est
598 1596 639 1635 in
663 1596 769 1636 vrbe
803 1596 961 1644 Roma,

160 1658 204 1692 et
230 1652 371 1701 Italia,
396 1653 674 1706 occiduisque
696 1654 961 1706 regionibuS,

161 1710 250 1751 Sed
276 1710 432 1751 vltimo
466 1711 657 1751 Neronis
689 1725 806 1752 anno
840 1712 961 1752 saeui-

159 1774 260 1808 ente
289 1769 332 1808 in
366 1769 632 1810 Christianos
663 1769 961 1822 persecutione

162 1826 315 1866 Petrus
366 1833 410 1867 et
457 1827 616 1867 Paulus
659 1827 788 1880 capti,
830 1828 961 1867 morti

159 1883 394 1924 traduntur
415 1885 571 1925 eodem
595 1885 666 1925 die
684 1885 727 1925 id
751 1885 811 1925 est
832 1886 962 1925 tertio

161 1942 368 1982 calendas
393 1942 504 1995 Iulij.
556 1943 710 1983 Petrus
733 1943 849 1983 enim
868 1957 961 1983 cru-

160 2000 198 2040 ci
231 2000 390 2040 affixus
428 2000 488 2040 est
522 2001 667 2053 capite
701 2001 756 2040 ad
799 2007 961 2041 terram

159 2058 292 2107 verso,
326 2058 444 2111 quod
484 2058 537 2098 fic
574 2058 664 2099 fieri
697 2059 962 2111 impetrauit,

161 2116 348 2156 asserens
395 2116 435 2156 se
477 2117 709 2169 indignum
751 2117 846 2164 esse,
888 2117 961 2169 qui

161 2174 318 2214 eodem
343 2174 488 2223 modo,
508 2188 596 2227 quo
621 2174 717 2214 suus
742 2175 961 2223 dominus,

161 2232 499 2285 crucifigeretur.
561 2232 722 2273 Paulus
754 2247 858 2272 vero
891 2246 964 2272 ca-

161 2290 252 2342 pite
285 2296 525 2339 truncatus,
559 2291 680 2330 cuius
718 2304 875 2343 corpus
919 2291 962 2330 in

161 2348 233 2388 via
270 2347 452 2389 Ostiensi
488 2348 706 2401 sepultum
740 2348 812 2398 est,
847 2348 963 2389 Petri

159 2419 263 2446 vero
285 2406 329 2445 in
352 2406 584 2447 Vaticano.

163 2499 208 2544 ΙΙ
250 2497 600 2539 commemoratio
635 2497 776 2538 Pauli
809 2498 966 2550 duplex

219 2555 374 2595 minus.
416 2555 497 2595 Ad
516 2555 781 2596 matutinum
800 2556 962 2596 inuita-

219 2613 376 2652 toriam
393 2619 434 2652 et
451 2613 658 2665 Hyvmns
677 2613 728 2653 de
748 2613 966 2654 communi

217 2669 257 2709 Α
256 2670 523 2724 postolorum.
586 2671 732 2711 Lech‘o
754 2670 912 2712 tertz‘a1.

166 2749 388 2832 PAulus
440 2757 568 2792 extra
611 2765 842 2792 numerum
885 2752 959 2805 xij.

263 2808 483 2862 apostolus
506 2822 593 2849 non
617 2810 672 2850 ab
694 2810 959 2860 hominibus,

230 2939 241 2961 1
269 2939 328 2975 die
347 2950 391 2983 30
409 2941 448 2974 in
468 2953 512 2975 m.

905 128 1095 161 IUNIUS.

1035 219 1115 246 nec
1138 219 1216 258 per
1236 204 1474 257 hominem,
1497 207 1568 247 sed
1590 220 1668 260 per
1691 206 1834 247 Iesum

1037 263 1255 304 Christum
1274 270 1317 304 et
1340 265 1471 305 deum
1495 270 1679 317 patrem,
1697 278 1834 318 quum

1034 321 1138 362 esset
1173 322 1216 361 in
1253 322 1429 363 ecclesia
1462 322 1729 371 Antiochiae,
1761 322 1835 363 vbi

1033 380 1218 420 aderant
1241 380 1468 433 prophetae
1492 387 1535 420 et
1557 378 1773 429 do&ores,
1790 386 1834 420 et

1032 437 1075 476 in
1109 437 1177 477 his
1213 438 1438 478 Barnabas
1476 444 1520 478 et
1554 438 1721 487 Simon,
1758 438 1832 491 qui

1031 495 1273 536 Vocabatur
1296 496 1444 548 Niger,
1462 502 1506 535 et
1530 496 1694 536 Lucius
1712 510 1834 550 cyre-

1031 553 1183 602 nenfis,
1224 559 1268 593 et
1320 553 1573 603 Manahem,
1614 554 1688 606 qui
1740 559 1834 595 erat

1035 611 1228 651 Herodis
1259 611 1491 651 tetrarchae
1523 610 1832 660 colla&aneus,

1032 668 1376 709 ministrantibus
1428 669 1512 708 illis
1553 669 1747 717 domino,
1789 675 1832 710 et

1032 726 1327 767 ieiunantibus
1356 726 1473 767 dixit
1510 726 1681 779 spiritus
1714 727 1834 767 sanc-

1032 790 1114 833 tus,
1151 784 1393 837 Segregate
1427 784 1534 824 mihi
1569 784 1753 826 Saulum
1788 791 1832 825 et

1033 842 1283 882 Barnabam
1313 843 1356 882 in
1388 856 1510 895 opus,
1535 842 1591 882 ad
1621 842 1740 895 quod
1770 842 1834 883 as-

1031 900 1186 953 sumpsi
1210 914 1295 941 eos.
1353 901 1482 940 Tunc
1504 901 1765 949 ieiunantes,
1789 906 1833 941 et

1031 964 1221 1006 orantes,
1251 958 1615 1011 imponentesque
1649 958 1710 999 eis
1740 972 1833 998 ma-

1032 1029 1113 1056 nus
1155 1016 1413 1056 dimiserunt
1454 1016 1563 1056 illos.
1647 1016 1706 1056 Et
1748 1016 1825 1069 ipfi

1031 1074 1210 1127 quidem
1262 1074 1369 1114 missi
1412 1072 1438 1114 a
1484 1074 1633 1127 spiritu
1685 1072 1833 1114 saneto

1031 1132 1234 1172 abierunt
1252 1131 1513 1180 Seleuciam,
1531 1138 1573 1172 et
1591 1132 1694 1172 inde
1712 1132 1834 1172 naui-

1029 1196 1246 1241 gauerunt
1265 1190 1461 1242 Cyprum
1480 1196 1523 1230 et
1541 1203 1676 1242 quum
1695 1190 1833 1230 venis-

1031 1247 1123 1287 sent
1187 1247 1474 1295 Salaminam,
1532 1247 1834 1300 praedicabant

1029 1305 1212 1345 Verbum
1236 1306 1305 1345 dei
1330 1306 1373 1345 in
1398 1305 1632 1359 synagogis
1657 1306 1830 1346 Iudaeo-

1030 1376 1136 1404 rum.
1202 1363 1444 1404 Habebant
1462 1370 1610 1403 autem
1635 1369 1678 1404 et
1703 1364 1832 1404 Ioan-

1029 1434 1131 1461 nem
1173 1421 1217 1460 in
1259 1421 1505 1462 ministerio.
1595 1421 1655 1462 Et
1695 1435 1831 1474 quum

1029 1479 1400 1531 perambulassent
1435 1479 1681 1520 vniuersam
1720 1479 1832 1519 insu-

1031 1537 1120 1576 lam
1152 1536 1284 1590 Vsque
1316 1538 1372 1577 ad
1408 1537 1621 1590 Paphum,
1652 1538 1832 1577 inuene-

1030 1601 1131 1635 runt
1182 1596 1404 1647 quendam
1457 1596 1599 1636 Virum
1648 1608 1828 1648 magum

1030 1653 1461 1706 pseudoprophetam
1511 1653 1714 1693 Iudaeum
1762 1653 1830 1693 cui

1031 1724 1191 1750 nomen
1216 1717 1308 1751 erat
1332 1711 1499 1759 Barieu‚
1524 1725 1622 1751 cum
1646 1724 1831 1764 procon-

1030 1768 1118 1808 sule
1143 1768 1296 1821 Sergio
1320 1768 1456 1809 Paulo
1484 1769 1577 1809 Viro
1600 1769 1830 1821 prudente.

1034 1826 1121 1866 Hic
1144 1826 1356 1867 accersitis
1388 1826 1592 1866 Barnaba
1614 1833 1657 1866 et
1681 1826 1830 1874 Paulo,

1031 1883 1323 1936 desyderabat
1352 1885 1503 1924 audire
1531 1885 1715 1924 Verbum
1745 1885 1827 1924 dei.

1032 1941 1273 1982 Resistebat
1313 1948 1462 1982 autern
1515 1942 1600 1982 illis
1643 1941 1828 1995 Elymas

1032 2013 1199 2052 magus,
1240 2014 1441 2053 quaerens
1483 2006 1680 2040 auertere
1731 2014 1830 2053 pro-

1029 2057 1250 2098 consulem
1283 2072 1308 2098 a
1338 2057 1433 2099 fide.
1496 2057 1656 2098 Saulus
1679 2064 1828 2098 autem

1030 2116 1103 2168 qui
1147 2121 1190 2155 et
1228 2115 1388 2155 Paulus
1425 2116 1618 2169 repletus
1661 2115 1828 2168 Spiritu

1032 2171 1180 2213 sanffto
1213 2174 1388 2213 intuens
1421 2173 1463 2213 in
1497 2187 1597 2213 eum
1630 2173 1757 2222 dixit,
1788 2173 1828 2215 O

1030 2232 1159 2284 plene
1182 2232 1302 2271 omni
1325 2231 1428 2272 dolo
1446 2236 1489 2271 et
1507 2231 1626 2271 omni
1645 2230 1829 2280 fallacia,

1031 2289 1090 2329 fili
1123 2289 1299 2337 diaboli,
1333 2289 1508 2329 inimice
1540 2289 1683 2329 omnis
1715 2288 1830 2329 iusti-

1031 2347 1117 2396 tiae,
1150 2361 1237 2387 non
1271 2347 1427 2387 definis
1460 2346 1707 2387 subuertere
1737 2347 1830 2387 vias

1031 2405 1200 2445 domini
1243 2403 1394 2445 rectas.
1471 2405 1530 2444 Et
1571 2418 1689 2444 nunc
1730 2418 1830 2445 ecce

1031 2476 1186 2503 manus
1218 2463 1386 2503 domini
1425 2462 1551 2515 super
1586 2468 1642 2513 te,
1667 2467 1711 2502 et
1743 2462 1826 2502 eris

1031 2534 1184 2569 caecus,
1221 2534 1307 2560 non
1346 2520 1500 2560 videns
1534 2520 1667 2559 solem
1698 2520 1831 2572 Vsque

1031 2579 1088 2619 ad
1113 2584 1299 2631 tempus.
1342 2578 1402 2618 Et
1424 2577 1649 2618 confestim
1672 2578 1830 2618 cecidit

1032 2636 1075 2676 in
1099 2649 1199 2676 eum
1222 2635 1364 2688 caligo
1387 2641 1430 2676 et
1459 2635 1663 2684 tenebrae,
1686 2641 1730 2676 et
1751 2635 1830 2675 cir-

1032 2692 1202 2734 cuiens²
1216 2693 1453 2746 quaerebat,
1470 2693 1544 2746 qui
1559 2693 1633 2733 fibi
1649 2706 1829 2733 manum

1032 2752 1168 2792 daret.
1231 2750 1331 2803 Quo
1362 2751 1451 2791 Viso
1482 2750 1711 2803 proconsul
1740 2764 1830 2790 cre-

1032 2809 1154 2858 didit,
1173 2815 1217 2849 et
1234 2808 1464 2849 conuersus
1487 2808 1557 2850 est.
1608 2805 1829 2849 Profectus

1101 2940 1113 2961 2
1140 2939 1360 2975 circumiens
1383 2951 1388 2974 z
1410 2941 1447 2975 P.
1463 2940 1506 2974 Α.
