1981 3248
454 163 697 195 OFFJCJVM
722 162 913 193 BEATAE
945 160 1128 192 MARIAE
1167 159 1396 191 VIRGINIS.

129 241 310 295 Reliqua
341 247 484 282 aulem
515 241 625 281 anni
654 246 844 292 tempore.

403 326 565 367 Oratio.

97 411 306 492 ssEatae,
334 417 378 451 et
408 411 606 463 gloriosae
634 411 890 463 semperque

187 469 366 521 virginis
378 469 530 509 Mariae
547 468 796 521 quaesumus
811 468 889 508 do-

88 526 205 566 mine
228 527 468 566 intercesfio
487 526 673 579 gloriosa
692 540 769 565 nos
792 539 890 579 pro-

86 590 230 636 tegat:
247 591 290 624 et
308 585 363 624 ad
380 585 517 624 vitam
535 584 748 636 perducat
765 589 890 623 aeter-

89 654 192 681 nam
216 657 224 682 :
246 655 323 695 per
345 642 589 682 dominum.

113 809 158 854 61
191 806 274 847 Ad
300 806 490 859 vesperas
508 806 678 858 semper
705 805 876 846 dicitnr.

380 903 435 943 H
423 917 599 955 ymnus.

153 987 221 1027 Ve
263 988 395 1028 maris
441 987 576 1035 stella,
618 987 701 1027 Dei
751 993 893 1027 mater

203 1044 320 1084 alma
346 1059 353 1085 :
376 1045 530 1098 Atque
560 1045 729 1098 semper
753 1045 890 1097 virgo,

91 1103 216 1143 Felix
239 1103 339 1142 coeli
367 1109 504 1155 porta.

149 1161 340 1202 sumens
357 1160 462 1201 illud
480 1174 561 1201 aue
577 1160 793 1201 Gabrielis
809 1174 894 1208 ore,

1680 155 1754 197 191

961 239 1117 278 Funda
1139 252 1219 278 nos
1242 237 1284 277 in
1308 250 1429 290 pace,
1448 236 1629 276 Mutans
1650 235 1759 276 Euae

958 309 1132 336 nomen.

1019 353 1154 395 Solue
1170 352 1316 393 vincla
1335 352 1430 401 reis,
1448 350 1596 391 Profer
1612 351 1759 391 lumen

959 411 1086 451 caecis
1117 424 1124 451 :
1156 411 1276 450 Mala
1306 409 1448 450 nostra
1478 408 1605 462 pelle,
1637 409 1760 449 Bona

960 466 1118 509 ουῃξῒε.
1140 468 1279 521 posce.

1020 525 1214 566 Monstra
1228 531 1272 565 te
1287 524 1369 564 esse
1388 529 1586 573 matrem,
1603 523 1760 564 Sumat

959 598 1038 637 per
1078 590 1122 623 te
1159 596 1310 636 preces
1349 598 1356 622 :
1394 581 1481 634 Qui
1520 595 1598 634 pro
1635 581 1762 621 nobis

961 647 1090 682 natus
1113 641 1235 681 Tulit
1258 640 1341 680 esse
1362 646 1475 680 tuus,

1017 699 1156 751 Virgo
1189 698 1425 750 fingularis,
1456 697 1577 736 Inter
1608 709 1761 736 omnes

961 757 1079 797 mitis
1107 772 1114 796 ε
1144 757 1239 796 Nos
1268 755 1407 808 culpis
1437 754 1598 794 solutos
1628 754 1762 794 Mites

962 814 1042 862 fac,
1065 820 1108 854 et
1130 814 1278 854 castos.

1019 872 1172 912 Vitam
1220 870 1375 924 praesta
1420 882 1575 922 puram
1620 885 1628 910 :
1673 870 1763 910 Iter

961 943 1068 982 para
1094 935 1238 969 tutum
1263 944 1270 968 z
1291 928 1354 968 Vt
1374 928 1574 968 videntes
1605 927 1760 974 Iesum,

962 987 1132 1039 semper
1153 986 1433 1027 collaetemur.

1022 1045 1089 1086 Sit
1136 1044 1229 1084 laus
1275 1045 1359 1084 deo
1406 1043 1531 1095 patri,
1577 1042 1763 1084 Summo

964 1102 1132 1143 Christo
1170 1103 1303 1142 decus
1343 1116 1351 1141 :
1395 1101 1577 1153 Spiritui
1614 1099 1763 1141 sanem

962 1160 1123 1201 Tribus
1146 1159 1287 1200 honor
1308 1172 1430 1199 vnuS.
1492 1158 1652 1199 Amen.

853 1560 997 1591 FlNsS.

572 2232 840 2264 VENETIIS
896 2232 957 2262 IN
1015 2231 1287 2263 OFFICINA

603 2302 856 2346 Lucaeantonij
888 2303 1008 2336 Iuntae
1036 2302 1252 2336 Florentini.

661 2372 771 2405 Anno
800 2371 953 2405 Domini
980 2379 1194 2405 M.D.XXXV.

791 2440 916 2475 Mense
946 2440 1062 2475 Iunio.
