1981 3248
802 148 934 179 FEBR
942 148 1003 180 UA
1010 149 1134 181 RJUS.

135 229 229 269 dux
266 228 416 269 extitit
443 227 508 267 vir
537 227 715 280 pietate,
753 232 796 266 et
834 226 931 266 reli-

134 287 274 339 gione,
339 285 731 338 magnitudineque
796 285 931 324 animi

137 344 277 384 clarus
307 341 539 384 Adau6³ms
571 342 710 382 Italus
741 342 930 382 natione.

137 401 223 455 Qui
256 401 405 441 multis
447 400 686 440 honoribus
728 399 933 452 reipubli-

134 473 196 499 cae
228 456 413 504 functus,
452 465 547 498 turn
583 471 758 510 quoque
791 456 932 510 publi-

133 530 233 557 cum
257 530 418 556 munus
441 517 484 555 in
508 515 582 555 illa
603 515 709 555 vrbe
727 514 932 555 adminis-

132 575 290 614 trabat.
354 574 497 613 Huius
535 574 650 613 enim
689 574 731 613 in
768 572 933 612 confes-

132 631 247 672 sione
280 631 435 673 Christi
470 630 758 671 constantiam
788 630 932 670 omnis

132 689 320 742 populus
350 689 519 729 secutus
551 688 621 736 est,
648 702 789 741 eoque
821 688 933 728 duce

133 747 346 787 clarissimi
370 746 565 798 martyrij
585 745 779 798 palmam
798 746 931 798 adep—

131 811 202 845 tus
224 805 306 857 .vij.
330 805 437 845 idus.
464 803 701 857 Februarij.

131 901 175 946 {I
198 898 430 951 Apollonia
452 898 574 951 virgo
597 905 774 950 martyr.
831 897 933 938 Lec-

466 956 523 996 2‘2‘0
546 955 642 1009 ,z'sz

133 1029 417 1111 APollonia
444 1030 569 1082 virgo
597 1030 639 1069 in
663 1029 768 1069 vrbe
791 1028 932 1068 Alex-

237 1088 421 1128 andrina
443 1087 648 1127 saeuiente
675 1088 717 1126 in
742 1087 931 1127 christia-

134 1159 213 1185 nos
250 1152 449 1198 tempore
488 1145 612 1197 Decij
653 1145 931 1198 imperatoris

133 1203 441 1256 persecutione,
477 1217 575 1242 cum
614 1204 701 1242 iarn
735 1203 777 1242 in
811 1202 930 1242 senili

133 1267 264 1301 aetate
286 1259 311 1300 a
333 1260 502 1300 furente
524 1261 689 1314 populo
719 1266 930 1313 correpta,

133 1324 176 1359 et
217 1319 272 1358 ad
315 1318 434 1358 idola
484 1316 696 1371 perducta
747 1319 930 1358 adorare

132 1376 380 1416 recusasset:
441 1377 595 1416 dentes
649 1376 687 1415 ei
738 1376 928 1428 primum

133 1434 263 1474 effossi
301 1434 397 1474 sunt
431 1447 595 1481 omnes,
632 1433 791 1474 deinde
828 1447 928 1473 con-

131 1491 260 1545 gestis
316 1491 453 1543 lignis,
507 1491 767 1544 incensoque
823 1504 929 1543 rogo

133 1549 432 1589 combusturos
456 1549 495 1588 se
517 1550 739 1589 minantur
761 1548 928 1588 carnifi-

133 1621 203 1647 ces
233 1607 398 1647 viuam:
435 1607 508 1646 nisi
540 1606 756 1648 Christum
791 1606 929 1646 detes-

134 1671 238 1712 tata,
261 1665 367 1704 deos
394 1665 560 1704 alienos
590 1665 802 1704 adoraret.
865 1663 930 1704 At

133 1722 207 1762 illa
235 1723 276 1761 in
305 1722 390 1762 fide
414 1722 567 1763 Christi
596 1722 930 1762 constantisslme

133 1779 424 1832 perseuerans,
453 1779 785 1819 crudelissimam
816 1793 929 1818 mor-

132 1844 222 1877 tem
251 1837 390 1877 subire
420 1837 592 1877 maluit:
625 1851 758 1890 quam
782 1836 806 1877 a
828 1851 930 1877 vera

133 1895 298 1948 pietate
339 1895 568 1935 discedere.
634 1896 791 1948 Itaque
837 1908 928 1934 cor-

132 1966 237 2005 pore
261 1953 493 1992 saeuissimis
516 1952 706 1992 flammis
728 1952 930 2005 absump-

132 2018 189 2059 to,
213 2008 399 2050 inuictus
430 2010 601 2063 spiritus
624 2010 666 2049 in
690 2010 849 2050 coelum
874 2010 928 2050 ad

134 2068 329 2120 martyrij
384 2082 591 2108 coronam
645 2068 838 2108 euolauit
881 2082 928 2107 .v.

133 2126 229 2165 idus
252 2126 469 2177 februarij.

134 2230 175 2274 (Ι
238 2225 431 2267 52'7726072'2
482 2226 690 2279 episcopus
750 2232 929 2279 martyr.

412 2284 553 2324 Leffiz'o
576 2283 677 2337 .2'2'j³.

140 2358 294 2439 POst
323 2359 582 2412 martyrium
614 2358 763 2398 iacobi
786 2358 930 2398 fratris

247 2417 425 2465 domini,
461 2423 504 2456 et
541 2417 699 2456 deinde
737 2416 928 2456 secutum

134 2473 500 2525 Ierosolymorum
540 2474 782 2514 excidium:
829 2487 929 2513 cum

133 2531 328 2583 apostoli,
387 2533 622 2584 caeterique
685 2531 930 2584 superstites

133 2589 328 2641 discipuli
361 2590 553 2641 vndique
585 2587 725 2629 coacti
763 2590 818 2629 de
855 2589 929 2628 eli-

130 2648 275 2698 gendo
293 2646 493 2699 episcopo
512 2648 553 2686 in
577 2660 810 2686 commune
828 2660 930 2686 con-

132 2703 356 2744 sultarent:
401 2718 562 2756 magno
595 2705 793 2744 omnium
826 2718 928 2743 con-

132 2761 248 2800 sensu
285 2762 462 2802 Simeon
497 2762 706 2814 Cleophae
740 2761 852 2801 filius
886 2762 927 2800 in

206 2918 213 2937 ¹
246 2918 304 2952 die
322 2928 363 2961 ,9.
386 2919 425 2951 in
445 2931 488 2952 m.
545 2931 609 2952 om.
639 2921 671 2952 P.

203 2964 215 2983 '³
246 2964 373 2998 Simon
399 2977 404 2998 z
428 2966 462 2997 P.

1723 147 1796 190 115

1004 227 1223 268 demortui
1244 225 1417 268 Iacobi4
1433 227 1577 268 locum
1587 228 1801 270 sufficitur.

1006 284 1093 337 Qui
1126 285 1410 325 consobrinus
1449 285 1604 326 Christi
1639 286 1800 327 idcirco

1004 343 1255 391 vocabatur,
1285 343 1388 396 quia
1418 343 1638 396 Cleophas
1671 344 1802 385 srater

1004 399 1085 440 fuit
1104 400 1271 453 Ioseph,
1290 406 1337 441 vt
1361 400 1604 454 Egeslppus
1622 401 1681 441 est
1699 415 1799 442 auc—

1002 463 1080 497 tor.
1147 457 1259 498 Cum
1297 472 1400 511 ergo
1439 457 1620 499 Simeon
1651 459 1802 499 multis

1003 516 1129 555 annis
1175 515 1275 555 huic
1327 515 1514 556 ecclefiae
1556 516 1801 568 praefuisset,

1003 573 1194 613 Traiano
1217 573 1481 626 imperatore
1503 573 1682 614 Atticus
1704 588 1806 615 con-

1003 629 1152 670 sularis
1185 632 1364 683 cognito
1396 631 1516 684 quod
1546 630 1616 671 hic
1643 645 1699 671 ex
1729 646 1804 685 ge-

1004 701 1105 727 nere
1139 688 1287 728 Dauid
1317 689 1421 729 esset
1454 695 1497 729 et
1534 689 1801 738 christianus,

1004 745 1153 786 multis
1200 760 1299 786 eum
1363 746 1584 799 supplicijs
1640 747 1797 788 affecit.

1004 802 1176 856 Quibus
1214 804 1322 844 mira
1358 805 1572 857 patientia
1607 804 1803 845 toleratis

1003 861 1058 901 ad
1091 875 1264 901 crucem
1301 862 1549 910 damnatur,
1581 862 1722 912 iussus,
1755 869 1802 903 vt

1003 932 1133 972 quem
1174 920 1266 960 vita
1299 920 1472 968 coleret,
1506 920 1598 960 eius
1630 921 1801 961 exitum

1003 982 1144 1017 morte
1180 991 1356 1030 quoque
1398 978 1651 1018 imitaretur.
1714 978 1802 1018 Ita-

1002 1048 1088 1086 que
1118 1035 1232 1075 cruci
1263 1034 1424 1075 affixus
1456 1035 1516 1075 est
1543 1035 1630 1087 .Xij.
1657 1035 1802 1076 calen-

1001 1092 1080 1132 das
1098 1092 1245 1145 Martij
1262 1107 1362 1133 cum
1381 1107 1495 1133 .CXX.
1515 1107 1654 1133 annos
1673 1100 1802 1134 natus

1001 1150 1114 1198 esset,
1164 1149 1333 1191 cunctis
1384 1151 1704 1191 admirantibus
1757 1152 1799 1191 in

1001 1221 1182 1261 corpore
1203 1214 1294 1248 tam
1319 1208 1449 1255 senili,
1467 1215 1558 1248 tam
1577 1208 1801 1249 robustum

1000 1266 1197 1306 animum
1213 1267 1268 1306 ad
1285 1266 1464 1306 ferenda
1480 1266 1689 1319 supplicia
1706 1281 1801 1319 per-

1000 1322 1155 1364 stitisse.

999 1455 1043 1499 Π
1103 1452 1314 1494 Catleedm
1354 1453 1481 1494 Petri
1518 1453 1690 1507 apostoli
1725 1454 1803 1494 du-

1046 1510 1148 1562 plex
1166 1510 1317 1551 maius.
1359 1511 1422 1551 ad
1434 1511 1631 1565 vesperas.
1663 1512 1802 1564 Hym-

1057 1582 1146 1608 mas.

1004 1653 1374 1739 OVodcunque
1396 1653 1549 1694 vinclis
1572 1654 1696 1707 super
1717 1660 1802 1695 ter-

1018 1730 1084 1753 Α
1115 1724 1208 1751 ram
1231 1711 1470 1751 strinxerit:
1505 1712 1600 1752 Erit
1622 1713 1664 1752 in
1681 1712 1801 1753 astris

1001 1769 1232 1821 religatum
1257 1769 1446 1809 fortiter:
1480 1770 1539 1809 Et
1557 1771 1674 1822 quod
1692 1770 1802 1810 reso-

1002 1827 1081 1866 luit
1110 1827 1152 1865 in
1183 1827 1306 1867 terris
1335 1827 1532 1867 arbitrio:
1566 1827 1661 1867 Erit
1692 1828 1802 1867 solu-

1001 1891 1095 1925 tum
1127 1884 1251 1937 super
1279 1885 1378 1924 coeli
1413 1885 1603 1925 radium:
1637 1886 1688 1925 In
1717 1885 1802 1926 fine

1003 1943 1154 1982 mundi
1178 1942 1314 1982 iudex
1338 1942 1419 1983 erit
1442 1942 1580 1984 seculi.

1059 1999 1208 2039 Gloria
1241 2000 1353 2052 patri
1387 2014 1464 2053 per
1496 2000 1707 2041 immensa
1743 2000 1802 2041 se-

1000 2057 1116 2097 cula:
1143 2057 1209 2098 Sit
1230 2058 1307 2097 tibi
1327 2064 1429 2098 nate
1446 2059 1590 2107 decus,
1606 2065 1648 2098 et
1667 2059 1802 2111 impe-

999 2115 1131 2155 rium:
1158 2116 1325 2163 Honor,
1345 2115 1546 2168 potestas,
1567 2114 1803 2169 sanctoque

1001 2172 1164 2225 spiritui
1201 2173 1268 2214 Sit
1296 2173 1481 2213 trinitati
1511 2173 1621 2213 salus
1647 2174 1801 2213 indiui—

1001 2230 1087 2269 dua
1105 2231 1185 2270 Per
1207 2230 1376 2270 infinita
1393 2230 1632 2270 seculorum
1650 2231 1800 2271 secula.

1000 2286 1164 2328 Amen.

1319 2388 1482 2429 Oratio.

1011 2468 1197 2548 DEus,
1220 2469 1293 2521 qui
1316 2469 1446 2509 beato
1478 2469 1607 2508 Petro
1630 2469 1802 2522 aposto-

1113 2527 1154 2567 lo
1177 2534 1253 2567 tuo
1276 2526 1446 2566 collatis
1464 2526 1660 2566 clauibus
1680 2528 1800 2580 regni

999 2584 1183 2627 coelestis
1226 2585 1395 2624 animas
1447 2584 1625 2636 ligandi,
1669 2592 1801 2637 atque

1001 2643 1195 2684 soluendi
1243 2641 1515 2694 pontificium
1559 2642 1800 2683 tradidisti:

1000 2701 1202 2747 concede,
1249 2706 1293 2739 vt
1347 2699 1654 2739 intercessionis
1709 2700 1799 2739 eius

1000 2759 1166 2799 auxilio
1189 2756 1213 2796 ἐι
1239 2763 1520 2809 peccatorum
1557 2757 1804 2797 nostrorum

1079 2918 1091 2938 ³³
1117 2918 1178 2952 dic
1200 2919 1248 2952 18.
1268 2919 1308 2951 z'n
1328 2929 1372 2951 m.

1078 2965 1090 2985 ⁴
1120 2964 1246 2999 Iocabi
1272 2977 1277 2998 :
1302 2965 1337 2997 Ι).
