<?xml version="1.0" encoding="UTF-8"?>
<!DOCTYPE html PUBLIC "-//W3C//DTD XHTML 1.0 Transitional//EN"
    "http://www.w3.org/TR/xhtml1/DTD/xhtml1-transitional.dtd">
<html xmlns="http://www.w3.org/1999/xhtml" xml:lang="en" lang="en">
 <head>
  <title>
</title>
<meta http-equiv="Content-Type" content="text/html;charset=utf-8" />
  <meta name='ocr-system' content='tesseract 3.04.00' />
  <meta name='ocr-capabilities' content='ocr_page ocr_carea ocr_par ocr_line ocrx_word'/>
</head>
<body>
  <div class='ocr_page' id='page_1' title='image "./breviariumromanu00cath/breviariumromanu00cath_0222.png"; bbox 0 0 1981 3248; ppageno 0'>
   <div class='ocr_carea' id='block_1_1' title="bbox 198 128 275 170">
    <p class='ocr_par' dir='ltr' id='par_1_1' title="bbox 198 128 275 170">
     <span class='ocr_line' id='line_1_1' title="bbox 198 128 275 170; baseline -0.026 0"><span class='ocrx_word' id='word_1_1' title='bbox 198 128 275 170; x_wconf 85' lang='lat'>162</span> 
     </span>
    </p>
   </div>
   <div class='ocr_carea' id='block_1_2' title="bbox 195 212 1039 2803">
    <p class='ocr_par' dir='ltr' id='par_1_2' title="bbox 195 212 1039 2803">
     <span class='ocr_line' id='line_1_2' title="bbox 195 212 1002 268; baseline -0.012 -7"><span class='ocrx_word' id='word_1_2' title='bbox 195 215 500 261; x_wconf 89' lang='lat' dir='ltr'>animaduerso</span> <span class='ocrx_word' id='word_1_3' title='bbox 516 214 614 255; x_wconf 92' lang='lat' dir='ltr'>solis</span> <span class='ocrx_word' id='word_1_4' title='bbox 630 218 790 268; x_wconf 84' lang='lat' dir='ltr'>praeter</span> <span class='ocrx_word' id='word_1_5' title='bbox 802 212 1002 253; x_wconf 80' lang='lat' dir='ltr'>ordinem</span> 
     </span>
     <span class='ocr_line' id='line_1_3' title="bbox 197 271 1004 322; baseline -0.012 -3"><span class='ocrx_word' id='word_1_6' title='bbox 197 283 367 319; x_wconf 83' lang='lat' dir='ltr'>naturae</span> <span class='ocrx_word' id='word_1_7' title='bbox 390 271 577 322; x_wconf 60' lang='lat' dir='ltr'>defeetu,</span> <span class='ocrx_word' id='word_1_8' title='bbox 594 286 694 313; x_wconf 91' lang='lat' dir='ltr'>cum</span> <span class='ocrx_word' id='word_1_9' title='bbox 719 271 823 312; x_wconf 92' lang='lat' dir='ltr'>esset</span> <span class='ocrx_word' id='word_1_10' title='bbox 839 271 904 311; x_wconf 85' lang='lat' dir='ltr'>vir</span> <span class='ocrx_word' id='word_1_11' title='bbox 926 284 1004 310; x_wconf 90' lang='lat' dir='ltr'>ex-</span> 
     </span>
     <span class='ocr_line' id='line_1_4' title="bbox 198 328 1003 377; baseline -0.012 0"><span class='ocrx_word' id='word_1_12' title='bbox 198 335 365 377; x_wconf 88' lang='lat' dir='ltr'>cellens</span> <span class='ocrx_word' id='word_1_13' title='bbox 416 332 537 372; x_wconf 87' lang='lat' dir='ltr'>omni</span> <span class='ocrx_word' id='word_1_14' title='bbox 590 328 804 377; x_wconf 55' lang='lat' dir='ltr'>doetrina,</span> <span class='ocrx_word' id='word_1_15' title='bbox 855 342 1003 368; x_wconf 89' lang='lat' dir='ltr'>coram</span> 
     </span>
     <span class='ocr_line' id='line_1_5' title="bbox 201 386 1005 437; baseline -0.011 -3"><span class='ocrx_word' id='word_1_16' title='bbox 201 392 352 434; x_wconf 90' lang='lat' dir='ltr'>multis</span> <span class='ocrx_word' id='word_1_17' title='bbox 376 388 652 437; x_wconf 77' lang='lat' dir='ltr'>exclamasse,</span> <span class='ocrx_word' id='word_1_18' title='bbox 675 388 772 428; x_wconf 85' lang='lat' dir='ltr'>Aut</span> <span class='ocrx_word' id='word_1_19' title='bbox 798 386 906 426; x_wconf 91' lang='lat' dir='ltr'>deus</span> <span class='ocrx_word' id='word_1_20' title='bbox 930 400 1005 426; x_wconf 90' lang='lat' dir='ltr'>na-</span> 
     </span>
     <span class='ocr_line' id='line_1_6' title="bbox 200 443 1008 502; baseline -0.011 -10"><span class='ocrx_word' id='word_1_21' title='bbox 200 458 312 493; x_wconf 87' lang='lat' dir='ltr'>turae</span> <span class='ocrx_word' id='word_1_22' title='bbox 335 449 511 502; x_wconf 86' lang='lat' dir='ltr'>patitur,</span> <span class='ocrx_word' id='word_1_23' title='bbox 532 453 607 487; x_wconf 89' lang='lat' dir='ltr'>aut</span> <span class='ocrx_word' id='word_1_24' title='bbox 631 445 783 486; x_wconf 90' lang='lat' dir='ltr'>mundi</span> <span class='ocrx_word' id='word_1_25' title='bbox 803 443 1008 485; x_wconf 90' lang='lat' dir='ltr'>machina</span> 
     </span>
     <span class='ocr_line' id='line_1_7' title="bbox 202 501 1007 550; baseline -0.012 0"><span class='ocrx_word' id='word_1_26' title='bbox 202 508 457 550; x_wconf 78' lang='lat' dir='ltr'>dissoluitur.</span> <span class='ocrx_word' id='word_1_27' title='bbox 521 505 633 546; x_wconf 90' lang='lat' dir='ltr'>Cum</span> <span class='ocrx_word' id='word_1_28' title='bbox 664 509 813 543; x_wconf 87' lang='lat' dir='ltr'>autem</span> <span class='ocrx_word' id='word_1_29' title='bbox 845 501 1007 542; x_wconf 89' lang='lat' dir='ltr'>Paulus</span> 
     </span>
     <span class='ocr_line' id='line_1_8' title="bbox 203 559 1008 610; baseline -0.011 -2"><span class='ocrx_word' id='word_1_30' title='bbox 203 567 409 608; x_wconf 79' lang='lat' dir='ltr'><strong>Athenas</strong></span> <span class='ocrx_word' id='word_1_31' title='bbox 431 563 625 610; x_wconf 88' lang='lat' dir='ltr'>venisset,</span> <span class='ocrx_word' id='word_1_32' title='bbox 647 568 690 602; x_wconf 91' lang='lat' dir='ltr'>et</span> <span class='ocrx_word' id='word_1_33' title='bbox 717 559 876 601; x_wconf 62' lang='lat' dir='ltr'>ductus</span> <span class='ocrx_word' id='word_1_34' title='bbox 905 559 1008 600; x_wconf 90' lang='lat' dir='ltr'>esset</span> 
     </span>
     <span class='ocr_line' id='line_1_9' title="bbox 205 618 1008 675; baseline -0.01 -10"><span class='ocrx_word' id='word_1_35' title='bbox 205 626 250 665; x_wconf 90' lang='lat' dir='ltr'>in</span> <span class='ocrx_word' id='word_1_36' title='bbox 273 624 576 675; x_wconf 75' lang='lat' dir='ltr'>Areopagum,</span> <span class='ocrx_word' id='word_1_37' title='bbox 596 625 643 660; x_wconf 87' lang='lat' dir='ltr'>vt</span> <span class='ocrx_word' id='word_1_38' title='bbox 666 619 883 659; x_wconf 91' lang='lat' dir='ltr'>rationem</span> <span class='ocrx_word' id='word_1_39' title='bbox 915 618 1008 657; x_wconf 86' lang='lat' dir='ltr'>eius</span> 
     </span>
     <span class='ocr_line' id='line_1_10' title="bbox 205 675 1010 729; baseline -0.011 -6"><span class='ocrx_word' id='word_1_40' title='bbox 205 680 418 723; x_wconf 68' lang='lat' dir='ltr'>doctrinae</span> <span class='ocrx_word' id='word_1_41' title='bbox 449 679 662 726; x_wconf 88' lang='lat' dir='ltr'>redderet,</span> <span class='ocrx_word' id='word_1_42' title='bbox 686 690 819 729; x_wconf 87' lang='lat' dir='ltr'>quam</span> <span class='ocrx_word' id='word_1_43' title='bbox 851 675 1010 728; x_wconf 84' lang='lat' dir='ltr'>praedi-</span> 
     </span>
     <span class='ocr_line' id='line_1_11' title="bbox 206 733 1010 787; baseline -0.01 -7"><span class='ocrx_word' id='word_1_44' title='bbox 206 740 348 787; x_wconf 89' lang='lat' dir='ltr'>cabat,</span> <span class='ocrx_word' id='word_1_45' title='bbox 377 738 419 778; x_wconf 90' lang='lat' dir='ltr'>in</span> <span class='ocrx_word' id='word_1_46' title='bbox 451 736 598 777; x_wconf 91' lang='lat' dir='ltr'>medio</span> <span class='ocrx_word' id='word_1_47' title='bbox 630 735 804 775; x_wconf 92' lang='lat' dir='ltr'>senatus</span> <span class='ocrx_word' id='word_1_48' title='bbox 835 733 1010 774; x_wconf 91' lang='lat' dir='ltr'>mirabi-</span> 
     </span>
     <span class='ocr_line' id='line_1_12' title="bbox 207 792 1010 847; baseline -0.01 -9"><span class='ocrx_word' id='word_1_49' title='bbox 207 798 306 838; x_wconf 90' lang='lat' dir='ltr'>liter</span> <span class='ocrx_word' id='word_1_50' title='bbox 334 797 388 837; x_wconf 93' lang='lat' dir='ltr'>de</span> <span class='ocrx_word' id='word_1_51' title='bbox 411 808 513 836; x_wconf 79' lang='lat' dir='ltr'>vera</span> <span class='ocrx_word' id='word_1_52' title='bbox 541 794 706 847; x_wconf 87' lang='lat' dir='ltr'>pietate</span> <span class='ocrx_word' id='word_1_53' title='bbox 736 798 780 832; x_wconf 84' lang='lat' dir='ltr'>et</span> <span class='ocrx_word' id='word_1_54' title='bbox 802 792 1010 832; x_wconf 88' lang='lat' dir='ltr'>resurrec-</span> 
     </span>
     <span class='ocr_line' id='line_1_13' title="bbox 206 849 1012 896; baseline -0.01 0"><span class='ocrx_word' id='word_1_55' title='bbox 206 856 328 896; x_wconf 82' lang='lat' dir='ltr'>tione</span> <span class='ocrx_word' id='word_1_56' title='bbox 362 852 517 895; x_wconf 85' lang='lat' dir='ltr'>Christi</span> <span class='ocrx_word' id='word_1_57' title='bbox 547 865 597 891; x_wconf 91' lang='lat' dir='ltr'>ac</span> <span class='ocrx_word' id='word_1_58' title='bbox 628 856 899 890; x_wconf 87' lang='lat' dir='ltr'>mortuorum</span> <span class='ocrx_word' id='word_1_59' title='bbox 930 849 1012 889; x_wconf 88' lang='lat' dir='ltr'>dis-</span> 
     </span>
     <span class='ocr_line' id='line_1_14' title="bbox 208 907 1012 963; baseline -0.01 -9"><span class='ocrx_word' id='word_1_60' title='bbox 208 913 350 953; x_wconf 89' lang='lat' dir='ltr'>seruit.</span> <span class='ocrx_word' id='word_1_61' title='bbox 416 910 515 963; x_wconf 74' lang='lat' dir='ltr'>Qua</span> <span class='ocrx_word' id='word_1_62' title='bbox 538 909 737 949; x_wconf 88' lang='lat' dir='ltr'>oratione</span> <span class='ocrx_word' id='word_1_63' title='bbox 760 922 859 948; x_wconf 86' lang='lat' dir='ltr'>cum</span> <span class='ocrx_word' id='word_1_64' title='bbox 891 907 1012 956; x_wconf 91' lang='lat' dir='ltr'>alios,</span> 
     </span>
     <span class='ocr_line' id='line_1_15' title="bbox 208 966 1013 1022; baseline -0.01 -10"><span class='ocrx_word' id='word_1_65' title='bbox 208 978 304 1012; x_wconf 91' lang='lat' dir='ltr'>tum</span> <span class='ocrx_word' id='word_1_66' title='bbox 340 971 383 1010; x_wconf 87' lang='lat' dir='ltr'>in</span> <span class='ocrx_word' id='word_1_67' title='bbox 418 968 570 1022; x_wconf 85' lang='lat' dir='ltr'>primis</span> <span class='ocrx_word' id='word_1_68' title='bbox 609 966 870 1018; x_wconf 88' lang='lat' dir='ltr'>Dionysium</span> <span class='ocrx_word' id='word_1_69' title='bbox 909 979 1013 1005; x_wconf 92' lang='lat' dir='ltr'>con-</span> 
     </span>
     <span class='ocr_line' id='line_1_16' title="bbox 211 1023 1014 1078; baseline -0.009 -9"><span class='ocrx_word' id='word_1_70' title='bbox 211 1028 355 1069; x_wconf 90' lang='lat' dir='ltr'>uertit.</span> <span class='ocrx_word' id='word_1_71' title='bbox 382 1039 572 1078; x_wconf 86' lang='lat' dir='ltr'>eumque</span> <span class='ocrx_word' id='word_1_72' title='bbox 601 1024 824 1065; x_wconf 86' lang='lat' dir='ltr'>constituit</span> <span class='ocrx_word' id='word_1_73' title='bbox 851 1023 1014 1076; x_wconf 89' lang='lat' dir='ltr'>episco-</span> 
     </span>
     <span class='ocr_line' id='line_1_17' title="bbox 210 1080 1014 1141; baseline -0.009 -14"><span class='ocrx_word' id='word_1_74' title='bbox 210 1100 318 1141; x_wconf 89' lang='lat' dir='ltr'>pum</span> <span class='ocrx_word' id='word_1_75' title='bbox 358 1083 619 1125; x_wconf 82' lang='lat' dir='ltr'>atheniensis</span> <span class='ocrx_word' id='word_1_76' title='bbox 652 1081 851 1122; x_wconf 82' lang='lat' dir='ltr'>ecclesiae.</span> <span class='ocrx_word' id='word_1_77' title='bbox 916 1080 1014 1121; x_wconf 89' lang='lat' dir='ltr'>Post</span> 
     </span>
     <span class='ocr_line' id='line_1_18' title="bbox 213 1139 1014 1185; baseline -0.009 0"><span class='ocrx_word' id='word_1_78' title='bbox 213 1159 265 1185; x_wconf 90' lang='lat' dir='ltr'>ea</span> <span class='ocrx_word' id='word_1_79' title='bbox 305 1157 409 1184; x_wconf 85' lang='lat' dir='ltr'>vero</span> <span class='ocrx_word' id='word_1_80' title='bbox 452 1155 553 1182; x_wconf 91' lang='lat' dir='ltr'>cum</span> <span class='ocrx_word' id='word_1_81' title='bbox 598 1141 792 1180; x_wconf 84' lang='lat' dir='ltr'>Romam</span> <span class='ocrx_word' id='word_1_82' title='bbox 834 1139 1014 1179; x_wconf 86' lang='lat' dir='ltr'>venisset</span> 
     </span>
     <span class='ocr_line' id='line_1_19' title="bbox 214 1197 1016 1254; baseline -0.009 -11"><span class='ocrx_word' id='word_1_83' title='bbox 214 1200 450 1254; x_wconf 88' lang='lat' dir='ltr'>Dionysius</span> <span class='ocrx_word' id='word_1_84' title='bbox 480 1206 526 1240; x_wconf 86' lang='lat' dir='ltr'>vt</span> <span class='ocrx_word' id='word_1_85' title='bbox 562 1200 739 1238; x_wconf 87' lang='lat' dir='ltr'>Petrum</span> <span class='ocrx_word' id='word_1_86' title='bbox 770 1197 939 1237; x_wconf 87' lang='lat' dir='ltr'>videret</span> <span class='ocrx_word' id='word_1_87' title='bbox 973 1202 1016 1236; x_wconf 87' lang='lat' dir='ltr'>et</span> 
     </span>
     <span class='ocr_line' id='line_1_20' title="bbox 215 1254 1018 1311; baseline -0.009 -11"><span class='ocrx_word' id='word_1_88' title='bbox 215 1259 414 1307; x_wconf 89' lang='lat' dir='ltr'>Paulum,</span> <span class='ocrx_word' id='word_1_89' title='bbox 432 1270 541 1311; x_wconf 86' lang='lat' dir='ltr'>quos</span> <span class='ocrx_word' id='word_1_90' title='bbox 560 1257 759 1296; x_wconf 77' lang='lat' dir='ltr'>audierat</span> <span class='ocrx_word' id='word_1_91' title='bbox 781 1255 823 1295; x_wconf 91' lang='lat' dir='ltr'>in</span> <span class='ocrx_word' id='word_1_92' title='bbox 842 1254 1018 1295; x_wconf 82' lang='lat' dir='ltr'>vincula</span> 
     </span>
     <span class='ocr_line' id='line_1_21' title="bbox 215 1312 1019 1366; baseline -0.01 -7"><span class='ocrx_word' id='word_1_93' title='bbox 215 1315 439 1359; x_wconf 68' lang='lat' dir='ltr'>cOiiie5tos</span> <span class='ocrx_word' id='word_1_94' title='bbox 490 1315 585 1364; x_wconf 90' lang='lat' dir='ltr'>esse,</span> <span class='ocrx_word' id='word_1_95' title='bbox 637 1314 865 1366; x_wconf 85' lang='lat' dir='ltr'>aliquanto</span> <span class='ocrx_word' id='word_1_96' title='bbox 923 1312 1019 1365; x_wconf 86' lang='lat' dir='ltr'>post</span> 
     </span>
     <span class='ocr_line' id='line_1_22' title="bbox 214 1370 1019 1428; baseline -0.009 -12"><span class='ocrx_word' id='word_1_97' title='bbox 214 1383 415 1428; x_wconf 89' lang='lat' dir='ltr'>tempore</span> <span class='ocrx_word' id='word_1_98' title='bbox 449 1373 597 1413; x_wconf 89' lang='lat' dir='ltr'>missus</span> <span class='ocrx_word' id='word_1_99' title='bbox 631 1371 691 1411; x_wconf 90' lang='lat' dir='ltr'>est</span> <span class='ocrx_word' id='word_1_100' title='bbox 728 1385 754 1411; x_wconf 91' lang='lat' dir='ltr'>a</span> <span class='ocrx_word' id='word_1_101' title='bbox 788 1370 1019 1411; x_wconf 82' lang='lat' dir='ltr'>Clemente</span> 
     </span>
     <span class='ocr_line' id='line_1_23' title="bbox 216 1429 1020 1483; baseline -0.007 -10"><span class='ocrx_word' id='word_1_102' title='bbox 216 1435 260 1473; x_wconf 92' lang='lat' dir='ltr'>in</span> <span class='ocrx_word' id='word_1_103' title='bbox 323 1431 514 1473; x_wconf 87' lang='lat' dir='ltr'>Galliam</span> <span class='ocrx_word' id='word_1_104' title='bbox 573 1429 629 1470; x_wconf 92' lang='lat' dir='ltr'>ad</span> <span class='ocrx_word' id='word_1_105' title='bbox 687 1429 1020 1483; x_wconf 85' lang='lat' dir='ltr'>praedicandum</span> 
     </span>
     <span class='ocr_line' id='line_1_24' title="bbox 217 1486 1022 1543; baseline -0.009 -11"><span class='ocrx_word' id='word_1_106' title='bbox 217 1490 512 1543; x_wconf 86' lang='lat' dir='ltr'>euangelium,</span> <span class='ocrx_word' id='word_1_107' title='bbox 546 1501 678 1541; x_wconf 88' lang='lat' dir='ltr'>quem</span> <span class='ocrx_word' id='word_1_108' title='bbox 718 1487 886 1539; x_wconf 84' lang='lat' dir='ltr'>sequuti</span> <span class='ocrx_word' id='word_1_109' title='bbox 925 1486 1022 1526; x_wconf 89' lang='lat' dir='ltr'>sunt</span> 
     </span>
     <span class='ocr_line' id='line_1_25' title="bbox 218 1544 1022 1600; baseline -0.009 -10"><span class='ocrx_word' id='word_1_110' title='bbox 218 1549 421 1590; x_wconf 89' lang='lat' dir='ltr'>Rusticus</span> <span class='ocrx_word' id='word_1_111' title='bbox 438 1544 1022 1600; x_wconf 85' lang='lat' dir='ltr'>pi·esbyter‚etEleutherius</span> 
     </span>
     <span class='ocr_line' id='line_1_26' title="bbox 218 1603 1023 1657; baseline -0.007 -10"><span class='ocrx_word' id='word_1_112' title='bbox 218 1608 431 1648; x_wconf 88' lang='lat' dir='ltr'>diaconus</span> <span class='ocrx_word' id='word_1_113' title='bbox 455 1620 462 1644; x_wconf 81' lang='lat' dir='ltr'>z</span> <span class='ocrx_word' id='word_1_114' title='bbox 483 1604 617 1657; x_wconf 71' lang='lat' dir='ltr'>Vsque</span> <span class='ocrx_word' id='word_1_115' title='bbox 647 1604 702 1643; x_wconf 87' lang='lat' dir='ltr'>ad</span> <span class='ocrx_word' id='word_1_116' title='bbox 725 1603 877 1643; x_wconf 85' lang='lat' dir='ltr'>vrbem</span> <span class='ocrx_word' id='word_1_117' title='bbox 907 1603 1023 1642; x_wconf 88' lang='lat' dir='ltr'>Pari-</span> 
     </span>
     <span class='ocr_line' id='line_1_27' title="bbox 217 1659 1023 1705; baseline -0.007 0"><span class='ocrx_word' id='word_1_118' title='bbox 217 1666 386 1705; x_wconf 92' lang='lat' dir='ltr'>siorum.</span> <span class='ocrx_word' id='word_1_119' title='bbox 421 1663 507 1704; x_wconf 87' lang='lat' dir='ltr'>Vbi</span> <span class='ocrx_word' id='word_1_120' title='bbox 524 1676 623 1702; x_wconf 91' lang='lat' dir='ltr'>cum</span> <span class='ocrx_word' id='word_1_121' title='bbox 641 1660 803 1701; x_wconf 89' lang='lat' dir='ltr'>multos</span> <span class='ocrx_word' id='word_1_122' title='bbox 819 1661 874 1700; x_wconf 90' lang='lat' dir='ltr'>ad</span> <span class='ocrx_word' id='word_1_123' title='bbox 891 1659 1023 1700; x_wconf 85' lang='lat' dir='ltr'>fidem</span> 
     </span>
     <span class='ocr_line' id='line_1_28' title="bbox 220 1718 1026 1771; baseline -0.007 -8"><span class='ocrx_word' id='word_1_124' title='bbox 220 1722 377 1765; x_wconf 83' lang='lat' dir='ltr'>Christi</span> <span class='ocrx_word' id='word_1_125' title='bbox 416 1720 705 1767; x_wconf 87' lang='lat' dir='ltr'>conuertisset,</span> <span class='ocrx_word' id='word_1_126' title='bbox 743 1719 785 1758; x_wconf 89' lang='lat' dir='ltr'>in</span> <span class='ocrx_word' id='word_1_127' title='bbox 829 1718 1026 1771; x_wconf 92' lang='lat' dir='ltr'>persecu-</span> 
     </span>
     <span class='ocr_line' id='line_1_29' title="bbox 219 1776 1025 1829; baseline -0.01 -7"><span class='ocrx_word' id='word_1_128' title='bbox 219 1782 342 1822; x_wconf 89' lang='lat' dir='ltr'>tione</span> <span class='ocrx_word' id='word_1_129' title='bbox 368 1779 615 1819; x_wconf 86' lang='lat' dir='ltr'>Domitiani</span> <span class='ocrx_word' id='word_1_130' title='bbox 638 1777 755 1829; x_wconf 89' lang='lat' dir='ltr'>capti</span> <span class='ocrx_word' id='word_1_131' title='bbox 787 1776 1025 1828; x_wconf 87' lang='lat' dir='ltr'>Dionysius</span> 
     </span>
     <span class='ocr_line' id='line_1_30' title="bbox 221 1831 1026 1889; baseline -0.009 -10"><span class='ocrx_word' id='word_1_132' title='bbox 221 1845 265 1879; x_wconf 90' lang='lat' dir='ltr'>et</span> <span class='ocrx_word' id='word_1_133' title='bbox 314 1837 413 1889; x_wconf 86' lang='lat' dir='ltr'>socij</span> <span class='ocrx_word' id='word_1_134' title='bbox 465 1850 491 1876; x_wconf 89' lang='lat' dir='ltr'>a</span> <span class='ocrx_word' id='word_1_135' title='bbox 535 1835 774 1875; x_wconf 81' lang='lat' dir='ltr'>Fescenino</span> <span class='ocrx_word' id='word_1_136' title='bbox 817 1831 1026 1887; x_wconf 67' lang='lat' dir='ltr'>p1·aefe5to</span> 
     </span>
     <span class='ocr_line' id='line_1_31' title="bbox 221 1891 1028 1945; baseline -0.006 -9"><span class='ocrx_word' id='word_1_137' title='bbox 221 1896 506 1937; x_wconf 87' lang='lat' dir='ltr'>vehementer</span> <span class='ocrx_word' id='word_1_138' title='bbox 536 1893 637 1933; x_wconf 92' lang='lat' dir='ltr'>loris</span> <span class='ocrx_word' id='word_1_139' title='bbox 672 1892 883 1945; x_wconf 86' lang='lat' dir='ltr'>flagellati</span> <span class='ocrx_word' id='word_1_140' title='bbox 919 1891 1028 1940; x_wconf 88' lang='lat' dir='ltr'>sunt,</span> 
     </span>
     <span class='ocr_line' id='line_1_32' title="bbox 225 1950 1028 2003; baseline -0.009 -8"><span class='ocrx_word' id='word_1_141' title='bbox 225 1953 315 1995; x_wconf 81' lang='lat' dir='ltr'>Sed</span> <span class='ocrx_word' id='word_1_142' title='bbox 347 1966 444 1993; x_wconf 92' lang='lat' dir='ltr'>cum</span> <span class='ocrx_word' id='word_1_143' title='bbox 477 1965 564 1991; x_wconf 89' lang='lat' dir='ltr'>non</span> <span class='ocrx_word' id='word_1_144' title='bbox 594 1950 764 2003; x_wconf 88' lang='lat' dir='ltr'>possent</span> <span class='ocrx_word' id='word_1_145' title='bbox 798 1950 973 1990; x_wconf 91' lang='lat' dir='ltr'>auocari</span> <span class='ocrx_word' id='word_1_146' title='bbox 1003 1963 1028 1989; x_wconf 93' lang='lat' dir='ltr'>a</span> 
     </span>
     <span class='ocr_line' id='line_1_33' title="bbox 224 2007 1027 2062; baseline -0.007 -10"><span class='ocrx_word' id='word_1_147' title='bbox 224 2011 456 2052; x_wconf 88' lang='lat' dir='ltr'>christiana</span> <span class='ocrx_word' id='word_1_148' title='bbox 483 2009 660 2062; x_wconf 86' lang='lat' dir='ltr'>pietate,</span> <span class='ocrx_word' id='word_1_149' title='bbox 684 2007 889 2061; x_wconf 84' lang='lat' dir='ltr'>postridie</span> <span class='ocrx_word' id='word_1_150' title='bbox 920 2008 1027 2047; x_wconf 87' lang='lat' dir='ltr'>Dio-</span> 
     </span>
     <span class='ocr_line' id='line_1_34' title="bbox 224 2065 1029 2122; baseline -0.006 -13"><span class='ocrx_word' id='word_1_151' title='bbox 224 2069 369 2122; x_wconf 87' lang='lat' dir='ltr'>nysius</span> <span class='ocrx_word' id='word_1_152' title='bbox 412 2068 454 2107; x_wconf 89' lang='lat' dir='ltr'>in</span> <span class='ocrx_word' id='word_1_153' title='bbox 497 2065 706 2107; x_wconf 89' lang='lat' dir='ltr'>craticula</span> <span class='ocrx_word' id='word_1_154' title='bbox 748 2065 886 2105; x_wconf 90' lang='lat' dir='ltr'>ferrea</span> <span class='ocrx_word' id='word_1_155' title='bbox 926 2065 1029 2117; x_wconf 88' lang='lat' dir='ltr'>igne</span> 
     </span>
     <span class='ocr_line' id='line_1_35' title="bbox 226 2123 1030 2180; baseline -0.006 -13"><span class='ocrx_word' id='word_1_156' title='bbox 226 2125 445 2180; x_wconf 87' lang='lat' dir='ltr'>supposito</span> <span class='ocrx_word' id='word_1_157' title='bbox 492 2124 743 2177; x_wconf 81' lang='lat' dir='ltr'>imponitur,</span> <span class='ocrx_word' id='word_1_158' title='bbox 786 2129 830 2163; x_wconf 90' lang='lat' dir='ltr'>et</span> <span class='ocrx_word' id='word_1_159' title='bbox 879 2123 1030 2163; x_wconf 89' lang='lat' dir='ltr'>multis</span> 
     </span>
     <span class='ocr_line' id='line_1_36' title="bbox 226 2180 1029 2236; baseline -0.007 -10"><span class='ocrx_word' id='word_1_160' title='bbox 226 2185 388 2226; x_wconf 88' lang='lat' dir='ltr'>deinde</span> <span class='ocrx_word' id='word_1_161' title='bbox 412 2182 633 2236; x_wconf 87' lang='lat' dir='ltr'>supplicijs</span> <span class='ocrx_word' id='word_1_162' title='bbox 661 2181 857 2221; x_wconf 83' lang='lat' dir='ltr'>afficitur.</span> <span class='ocrx_word' id='word_1_163' title='bbox 922 2180 1029 2233; x_wconf 74' lang='lat' dir='ltr'>Qui-</span> 
     </span>
     <span class='ocr_line' id='line_1_37' title="bbox 227 2238 1031 2294; baseline -0.007 -10"><span class='ocrx_word' id='word_1_164' title='bbox 227 2244 309 2284; x_wconf 90' lang='lat' dir='ltr'>bus</span> <span class='ocrx_word' id='word_1_165' title='bbox 362 2241 572 2294; x_wconf 87' lang='lat' dir='ltr'>superatis</span> <span class='ocrx_word' id='word_1_166' title='bbox 624 2240 741 2280; x_wconf 91' lang='lat' dir='ltr'>idem</span> <span class='ocrx_word' id='word_1_167' title='bbox 794 2238 1031 2292; x_wconf 87' lang='lat' dir='ltr'>Dionysius</span> 
     </span>
     <span class='ocr_line' id='line_1_38' title="bbox 229 2297 1030 2353; baseline -0.006 -12"><span class='ocrx_word' id='word_1_168' title='bbox 229 2300 511 2353; x_wconf 86' lang='lat' dir='ltr'>nonagesimo</span> <span class='ocrx_word' id='word_1_169' title='bbox 530 2298 673 2338; x_wconf 84' lang='lat' dir='ltr'>aetatis</span> <span class='ocrx_word' id='word_1_170' title='bbox 692 2297 776 2336; x_wconf 85' lang='lat' dir='ltr'>suae</span> <span class='ocrx_word' id='word_1_171' title='bbox 796 2311 912 2337; x_wconf 88' lang='lat' dir='ltr'>anno</span> <span class='ocrx_word' id='word_1_172' title='bbox 930 2310 1030 2337; x_wconf 91' lang='lat' dir='ltr'>cum</span> 
     </span>
     <span class='ocr_line' id='line_1_39' title="bbox 229 2355 1032 2411; baseline -0.007 -12"><span class='ocrx_word' id='word_1_173' title='bbox 229 2358 353 2411; x_wconf 84' lang='lat' dir='ltr'>socijs</span> <span class='ocrx_word' id='word_1_174' title='bbox 396 2357 589 2396; x_wconf 86' lang='lat' dir='ltr'>similiter</span> <span class='ocrx_word' id='word_1_175' title='bbox 637 2355 839 2395; x_wconf 88' lang='lat' dir='ltr'>cruciatis</span> <span class='ocrx_word' id='word_1_176' title='bbox 888 2355 1032 2407; x_wconf 88' lang='lat' dir='ltr'>capite</span> 
     </span>
     <span class='ocr_line' id='line_1_40' title="bbox 229 2410 1032 2467; baseline -0.005 -11"><span class='ocrx_word' id='word_1_177' title='bbox 229 2422 456 2457; x_wconf 88' lang='lat' dir='ltr'>truncatur</span> <span class='ocrx_word' id='word_1_178' title='bbox 478 2414 662 2467; x_wconf 88' lang='lat' dir='ltr'>septimo</span> <span class='ocrx_word' id='word_1_179' title='bbox 686 2413 783 2452; x_wconf 88' lang='lat' dir='ltr'>idus</span> <span class='ocrx_word' id='word_1_180' title='bbox 815 2410 1032 2453; x_wconf 55' lang='lat' dir='ltr'>Officobris.</span> 
     </span>
     <span class='ocr_line' id='line_1_41' title="bbox 232 2470 1034 2527; baseline -0.004 -14"><span class='ocrx_word' id='word_1_181' title='bbox 232 2474 320 2527; x_wconf 77' lang='lat' dir='ltr'>Qui</span> <span class='ocrx_word' id='word_1_182' title='bbox 346 2472 579 2524; x_wconf 89' lang='lat' dir='ltr'>Dionysius</span> <span class='ocrx_word' id='word_1_183' title='bbox 613 2471 735 2510; x_wconf 91' lang='lat' dir='ltr'>suum</span> <span class='ocrx_word' id='word_1_184' title='bbox 770 2477 904 2523; x_wconf 90' lang='lat' dir='ltr'>caput</span> <span class='ocrx_word' id='word_1_185' title='bbox 940 2470 1034 2510; x_wconf 93' lang='lat' dir='ltr'>sub-</span> 
     </span>
     <span class='ocr_line' id='line_1_42' title="bbox 232 2528 1033 2581; baseline -0.005 -10"><span class='ocrx_word' id='word_1_186' title='bbox 232 2530 420 2578; x_wconf 82' lang='lat' dir='ltr'>stulisse¹,</span> <span class='ocrx_word' id='word_1_187' title='bbox 444 2537 487 2570; x_wconf 91' lang='lat' dir='ltr'>et</span> <span class='ocrx_word' id='word_1_188' title='bbox 511 2529 715 2569; x_wconf 85' lang='lat' dir='ltr'>manibus</span> <span class='ocrx_word' id='word_1_189' title='bbox 745 2542 823 2581; x_wconf 91' lang='lat' dir='ltr'>per</span> <span class='ocrx_word' id='word_1_190' title='bbox 852 2528 1033 2580; x_wconf 89' lang='lat' dir='ltr'>longum</span> 
     </span>
     <span class='ocr_line' id='line_1_43' title="bbox 232 2585 1036 2643; baseline -0.006 -14"><span class='ocrx_word' id='word_1_191' title='bbox 232 2589 423 2643; x_wconf 83' lang='lat' dir='ltr'>spacium</span> <span class='ocrx_word' id='word_1_192' title='bbox 437 2587 624 2640; x_wconf 87' lang='lat' dir='ltr'>portasse</span> <span class='ocrx_word' id='word_1_193' title='bbox 636 2587 833 2627; x_wconf 83' lang='lat' dir='ltr'>traditur.</span> <span class='ocrx_word' id='word_1_194' title='bbox 858 2585 1036 2638; x_wconf 74' lang='lat' dir='ltr'>Scripsit</span> 
     </span>
     <span class='ocr_line' id='line_1_44' title="bbox 234 2642 1037 2696; baseline -0.006 -9"><span class='ocrx_word' id='word_1_195' title='bbox 234 2652 382 2687; x_wconf 89' lang='lat' dir='ltr'>autem</span> <span class='ocrx_word' id='word_1_196' title='bbox 408 2645 595 2684; x_wconf 85' lang='lat' dir='ltr'>mirabili</span> <span class='ocrx_word' id='word_1_197' title='bbox 619 2644 812 2696; x_wconf 88' lang='lat' dir='ltr'>quadam</span> <span class='ocrx_word' id='word_1_198' title='bbox 836 2642 1037 2684; x_wconf 56' lang='lat' dir='ltr'>doctrina</span> 
     </span>
     <span class='ocr_line' id='line_1_45' title="bbox 234 2701 1039 2749; baseline -0.004 -5"><span class='ocrx_word' id='word_1_199' title='bbox 234 2705 392 2745; x_wconf 85' lang='lat' dir='ltr'>librum</span> <span class='ocrx_word' id='word_1_200' title='bbox 427 2704 483 2743; x_wconf 93' lang='lat' dir='ltr'>de</span> <span class='ocrx_word' id='word_1_201' title='bbox 517 2702 679 2742; x_wconf 89' lang='lat' dir='ltr'>coelesti</span> <span class='ocrx_word' id='word_1_202' title='bbox 710 2701 966 2749; x_wconf 86' lang='lat' dir='ltr'>hierarchia,</span> <span class='ocrx_word' id='word_1_203' title='bbox 995 2708 1039 2741; x_wconf 89' lang='lat' dir='ltr'>et</span> 
     </span>
     <span class='ocr_line' id='line_1_46' title="bbox 234 2760 1039 2803; baseline -0.004 0"><span class='ocrx_word' id='word_1_204' title='bbox 234 2762 423 2803; x_wconf 86' lang='lat' dir='ltr'>alterum</span> <span class='ocrx_word' id='word_1_205' title='bbox 465 2760 520 2800; x_wconf 90' lang='lat' dir='ltr'>de</span> <span class='ocrx_word' id='word_1_206' title='bbox 563 2760 724 2800; x_wconf 90' lang='lat' dir='ltr'>diuinis</span> <span class='ocrx_word' id='word_1_207' title='bbox 774 2760 1039 2800; x_wconf 81' lang='lat' dir='ltr'>nominibus.</span> 
     </span>
    </p>
   </div>
   <div class='ocr_carea' id='block_1_3' title="bbox 303 2894 738 2978">
    <p class='ocr_par' dir='ltr' id='par_1_3' title="bbox 303 2894 738 2978">
     <span class='ocr_line' id='line_1_47' title="bbox 303 2894 612 2930; baseline -0.006 0"><span class='ocrx_word' id='word_1_208' title='bbox 303 2897 315 2918; x_wconf 81' lang='lat'>1</span> <span class='ocrx_word' id='word_1_209' title='bbox 341 2895 512 2930; x_wconf 83' lang='lat' dir='ltr'>sustulisse</span> <span class='ocrx_word' id='word_1_210' title='bbox 534 2906 540 2928; x_wconf 88' lang='lat'>:</span> <span class='ocrx_word' id='word_1_211' title='bbox 568 2894 612 2928; x_wconf 93' lang='lat' dir='ltr'>A.</span> 
     </span>
     <span class='ocr_line' id='line_1_48' title="bbox 303 2941 738 2978; baseline -0.009 0"><span class='ocrx_word' id='word_1_212' title='bbox 303 2943 316 2964; x_wconf 80' lang='lat'>2</span> <span class='ocrx_word' id='word_1_213' title='bbox 344 2943 512 2978; x_wconf 85' lang='lat' dir='ltr'>Callistus</span> <span class='ocrx_word' id='word_1_214' title='bbox 537 2953 543 2975; x_wconf 91' lang='lat'>:</span> <span class='ocrx_word' id='word_1_215' title='bbox 572 2942 613 2974; x_wconf 88' lang='lat' dir='ltr'>R.</span> <span class='ocrx_word' id='word_1_216' title='bbox 636 2941 674 2974; x_wconf 89' lang='lat' dir='ltr'>P.</span> <span class='ocrx_word' id='word_1_217' title='bbox 695 2941 738 2974; x_wconf 78' lang='lat' dir='ltr'>A.</span> 
     </span>
    </p>
   </div>
   <div class='ocr_carea' id='block_1_4' title="bbox 911 135 1150 168">
    <p class='ocr_par' dir='ltr' id='par_1_4' title="bbox 911 135 1150 168">
     <span class='ocr_line' id='line_1_49' title="bbox 911 135 1150 168; baseline 0.004 -1"><span class='ocrx_word' id='word_1_218' title='bbox 911 135 1150 168; x_wconf 78' lang='lat' dir='ltr'>OCTOBER.</span> 
     </span>
    </p>
   </div>
   <div class='ocr_carea' id='block_1_5' title="bbox 1074 209 1879 312">
    <p class='ocr_par' dir='ltr' id='par_1_5' title="bbox 1074 209 1879 312">
     <span class='ocr_line' id='line_1_50' title="bbox 1074 209 1879 265; baseline -0.004 -11"><span class='ocrx_word' id='word_1_219' title='bbox 1074 214 1190 254; x_wconf 86' lang='lat' dir='ltr'>Item</span> <span class='ocrx_word' id='word_1_220' title='bbox 1232 212 1288 253; x_wconf 92' lang='lat' dir='ltr'>de</span> <span class='ocrx_word' id='word_1_221' title='bbox 1330 212 1512 265; x_wconf 88' lang='lat' dir='ltr'>mystica</span> <span class='ocrx_word' id='word_1_222' title='bbox 1552 209 1790 265; x_wconf 83' lang='lat' dir='ltr'>theologia,</span> <span class='ocrx_word' id='word_1_223' title='bbox 1834 215 1879 252; x_wconf 91' lang='lat' dir='ltr'>et</span> 
     </span>
     <span class='ocr_line' id='line_1_51' title="bbox 1074 271 1419 312; baseline -0.003 0"><span class='ocrx_word' id='word_1_224' title='bbox 1074 271 1160 312; x_wconf 89' lang='lat' dir='ltr'>alia</span> <span class='ocrx_word' id='word_1_225' title='bbox 1193 271 1419 312; x_wconf 91' lang='lat' dir='ltr'>nonnulla.</span> 
     </span>
    </p>
   </div>
   <div class='ocr_carea' id='block_1_6' title="bbox 1400 391 1565 433">
    <p class='ocr_par' dir='ltr' id='par_1_6' title="bbox 1400 391 1565 433">
     <span class='ocr_line' id='line_1_52' title="bbox 1400 391 1565 433; baseline 0 0"><span class='ocrx_word' id='word_1_226' title='bbox 1400 391 1565 433; x_wconf 69' lang='lat' dir='ltr'>Oratio.</span> 
     </span>
    </p>
   </div>
   <div class='ocr_carea' id='block_1_7' title="bbox 1077 475 1888 992">
    <p class='ocr_par' dir='ltr' id='par_1_7' title="bbox 1077 475 1888 992">
     <span class='ocr_line' id='line_1_53' title="bbox 1083 475 1882 560; baseline -0.003 -43"><span class='ocrx_word' id='word_1_227' title='bbox 1083 477 1275 560; x_wconf 85' lang='lat' dir='ltr'>DEus,</span> <span class='ocrx_word' id='word_1_228' title='bbox 1290 477 1365 529; x_wconf 87' lang='lat' dir='ltr'>qui</span> <span class='ocrx_word' id='word_1_229' title='bbox 1383 476 1597 516; x_wconf 90' lang='lat' dir='ltr'>hodierna</span> <span class='ocrx_word' id='word_1_230' title='bbox 1615 476 1686 516; x_wconf 91' lang='lat' dir='ltr'>die</span> <span class='ocrx_word' id='word_1_231' title='bbox 1700 475 1882 516; x_wconf 87' lang='lat' dir='ltr'>beatum</span> 
     </span>
     <span class='ocr_line' id='line_1_54' title="bbox 1191 534 1882 587; baseline -0.003 -12"><span class='ocrx_word' id='word_1_232' title='bbox 1191 534 1453 587; x_wconf 88' lang='lat' dir='ltr'>Dionysium</span> <span class='ocrx_word' id='word_1_233' title='bbox 1483 540 1727 586; x_wconf 85' lang='lat' dir='ltr'>martyrem</span> <span class='ocrx_word' id='word_1_234' title='bbox 1756 539 1882 574; x_wconf 92' lang='lat' dir='ltr'>tuum</span> 
     </span>
     <span class='ocr_line' id='line_1_55' title="bbox 1077 592 1884 645; baseline -0.004 -12"><span class='ocrx_word' id='word_1_235' title='bbox 1077 594 1239 634; x_wconf 86' lang='lat' dir='ltr'>virtute</span> <span class='ocrx_word' id='word_1_236' title='bbox 1262 592 1516 632; x_wconf 67' lang='lat' dir='ltr'>constantiae</span> <span class='ocrx_word' id='word_1_237' title='bbox 1540 593 1582 631; x_wconf 91' lang='lat' dir='ltr'>in</span> <span class='ocrx_word' id='word_1_238' title='bbox 1606 592 1797 645; x_wconf 81' lang='lat' dir='ltr'>passione</span> <span class='ocrx_word' id='word_1_239' title='bbox 1817 604 1884 630; x_wconf 89' lang='lat' dir='ltr'>ro-</span> 
     </span>
     <span class='ocr_line' id='line_1_56' title="bbox 1078 648 1885 703; baseline -0.004 -12"><span class='ocrx_word' id='word_1_240' title='bbox 1078 651 1237 692; x_wconf 88' lang='lat' dir='ltr'>borasti</span> <span class='ocrx_word' id='word_1_241' title='bbox 1275 666 1283 690; x_wconf 92' lang='lat'>:</span> <span class='ocrx_word' id='word_1_242' title='bbox 1321 651 1484 703; x_wconf 86' lang='lat' dir='ltr'>quique</span> <span class='ocrx_word' id='word_1_243' title='bbox 1525 650 1586 689; x_wconf 91' lang='lat' dir='ltr'>illi</span> <span class='ocrx_word' id='word_1_244' title='bbox 1632 649 1688 690; x_wconf 88' lang='lat' dir='ltr'>ad</span> <span class='ocrx_word' id='word_1_245' title='bbox 1725 648 1885 702; x_wconf 82' lang='lat' dir='ltr'>praedi-</span> 
     </span>
     <span class='ocr_line' id='line_1_57' title="bbox 1080 708 1883 761; baseline -0.004 -12"><span class='ocrx_word' id='word_1_246' title='bbox 1080 709 1270 749; x_wconf 90' lang='lat' dir='ltr'>candum</span> <span class='ocrx_word' id='word_1_247' title='bbox 1303 708 1509 761; x_wconf 91' lang='lat' dir='ltr'>gentibus</span> <span class='ocrx_word' id='word_1_248' title='bbox 1541 708 1729 761; x_wconf 88' lang='lat' dir='ltr'>gloriam</span> <span class='ocrx_word' id='word_1_249' title='bbox 1761 712 1883 747; x_wconf 89' lang='lat' dir='ltr'>tuam</span> 
     </span>
     <span class='ocr_line' id='line_1_58' title="bbox 1082 764 1886 807; baseline -0.004 -1"><span class='ocrx_word' id='word_1_250' title='bbox 1082 767 1309 807; x_wconf 87' lang='lat' dir='ltr'>Rusticum</span> <span class='ocrx_word' id='word_1_251' title='bbox 1334 772 1377 806; x_wconf 94' lang='lat' dir='ltr'>et</span> <span class='ocrx_word' id='word_1_252' title='bbox 1396 765 1701 806; x_wconf 84' lang='lat' dir='ltr'>Eleutherium</span> <span class='ocrx_word' id='word_1_253' title='bbox 1725 764 1886 805; x_wconf 89' lang='lat' dir='ltr'>sociare</span> 
     </span>
     <span class='ocr_line' id='line_1_59' title="bbox 1080 822 1885 877; baseline -0.005 -12"><span class='ocrx_word' id='word_1_254' title='bbox 1080 825 1289 877; x_wconf 84' lang='lat' dir='ltr'>dignatus</span> <span class='ocrx_word' id='word_1_255' title='bbox 1312 838 1369 873; x_wconf 87' lang='lat' dir='ltr'>es,</span> <span class='ocrx_word' id='word_1_256' title='bbox 1392 825 1536 864; x_wconf 84' lang='lat' dir='ltr'>tribue</span> <span class='ocrx_word' id='word_1_257' title='bbox 1559 824 1686 863; x_wconf 91' lang='lat' dir='ltr'>nobis</span> <span class='ocrx_word' id='word_1_258' title='bbox 1716 822 1885 875; x_wconf 81' lang='lat' dir='ltr'>quaesu-</span> 
     </span>
     <span class='ocr_line' id='line_1_60' title="bbox 1081 881 1886 933; baseline -0.005 -10"><span class='ocrx_word' id='word_1_259' title='bbox 1081 897 1178 923; x_wconf 90' lang='lat' dir='ltr'>mus</span> <span class='ocrx_word' id='word_1_260' title='bbox 1219 896 1277 922; x_wconf 90' lang='lat' dir='ltr'>ex</span> <span class='ocrx_word' id='word_1_261' title='bbox 1320 896 1470 922; x_wconf 89' lang='lat' dir='ltr'>eorum</span> <span class='ocrx_word' id='word_1_262' title='bbox 1516 881 1765 921; x_wconf 90' lang='lat' dir='ltr'>imitatione</span> <span class='ocrx_word' id='word_1_263' title='bbox 1807 893 1886 933; x_wconf 90' lang='lat' dir='ltr'>pro</span> 
     </span>
     <span class='ocr_line' id='line_1_61' title="bbox 1082 938 1888 992; baseline -0.005 -11"><span class='ocrx_word' id='word_1_264' title='bbox 1082 954 1231 981; x_wconf 89' lang='lat' dir='ltr'>amore</span> <span class='ocrx_word' id='word_1_265' title='bbox 1253 946 1329 980; x_wconf 93' lang='lat' dir='ltr'>tuo</span> <span class='ocrx_word' id='word_1_266' title='bbox 1348 940 1552 992; x_wconf 91' lang='lat' dir='ltr'>prospera</span> <span class='ocrx_word' id='word_1_267' title='bbox 1572 938 1723 979; x_wconf 89' lang='lat' dir='ltr'>mundi</span> <span class='ocrx_word' id='word_1_268' title='bbox 1747 938 1888 990; x_wconf 88' lang='lat' dir='ltr'>despi-</span> 
     </span>
    </p>
   </div>
   <div class='ocr_carea' id='block_1_8' title="bbox 1082 995 1886 1108">
    <p class='ocr_par' dir='ltr' id='par_1_8' title="bbox 1082 995 1886 1108">
     <span class='ocr_line' id='line_1_62' title="bbox 1082 995 1886 1038; baseline -0.004 0"><span class='ocrx_word' id='word_1_269' title='bbox 1082 1012 1178 1038; x_wconf 92' lang='lat' dir='ltr'>cere</span> <span class='ocrx_word' id='word_1_270' title='bbox 1212 1012 1219 1038; x_wconf 87' lang='lat'>:</span> <span class='ocrx_word' id='word_1_271' title='bbox 1249 1004 1291 1037; x_wconf 91' lang='lat' dir='ltr'>et</span> <span class='ocrx_word' id='word_1_272' title='bbox 1322 997 1441 1038; x_wconf 88' lang='lat' dir='ltr'>nulla</span> <span class='ocrx_word' id='word_1_273' title='bbox 1471 997 1563 1038; x_wconf 92' lang='lat' dir='ltr'>eius</span> <span class='ocrx_word' id='word_1_274' title='bbox 1593 996 1774 1037; x_wconf 88' lang='lat' dir='ltr'>aduersa</span> <span class='ocrx_word' id='word_1_275' title='bbox 1800 995 1886 1036; x_wconf 88' lang='lat' dir='ltr'>for-</span> 
     </span>
     <span class='ocr_line' id='line_1_63' title="bbox 1084 1057 1402 1108; baseline -0.003 -12"><span class='ocrx_word' id='word_1_276' title='bbox 1084 1057 1252 1096; x_wconf 86' lang='lat' dir='ltr'>midare</span> <span class='ocrx_word' id='word_1_277' title='bbox 1280 1071 1287 1096; x_wconf 93' lang='lat'>:</span> <span class='ocrx_word' id='word_1_278' title='bbox 1314 1069 1402 1108; x_wconf 90' lang='lat' dir='ltr'>per.</span> 
     </span>
    </p>
   </div>
   <div class='ocr_carea' id='block_1_9' title="bbox 1086 1177 1907 2810">
    <p class='ocr_par' dir='ltr' id='par_1_9' title="bbox 1086 1177 1907 2810">
     <span class='ocr_line' id='line_1_64' title="bbox 1086 1177 1892 1232; baseline -0.004 -11"><span class='ocrx_word' id='word_1_279' title='bbox 1086 1184 1130 1228; x_wconf 58' lang='grc' dir='ltr'>εἷ</span> <span class='ocrx_word' id='word_1_280' title='bbox 1156 1177 1371 1222; x_wconf 64' lang='lat' dir='ltr'>Calzlrtns2</span> <span class='ocrx_word' id='word_1_281' title='bbox 1382 1186 1500 1232; x_wconf 72' lang='lat' dir='ltr'>papa</span> <span class='ocrx_word' id='word_1_282' title='bbox 1522 1185 1701 1231; x_wconf 70' lang='lat' dir='ltr'>martyr.</span> <span class='ocrx_word' id='word_1_283' title='bbox 1745 1178 1892 1219; x_wconf 60' lang='lat' dir='ltr'>Lec‘Zio</span> 
     </span>
     <span class='ocr_line' id='line_1_65' title="bbox 1410 1236 1571 1278; baseline 0 -1"><span class='ocrx_word' id='word_1_284' title='bbox 1410 1236 1571 1278; x_wconf 49' lang='lat' dir='ltr'>tertia?</span> 
     </span>
     <span class='ocr_line' id='line_1_66' title="bbox 1092 1309 1894 1396; baseline -0.002 -44"><span class='ocrx_word' id='word_1_285' title='bbox 1092 1309 1377 1396; x_wconf 74' lang='lat' dir='ltr'>CAlixtus4</span> <span class='ocrx_word' id='word_1_286' title='bbox 1410 1310 1615 1364; x_wconf 82' lang='lat' dir='ltr'>pontifex</span> <span class='ocrx_word' id='word_1_287' title='bbox 1648 1310 1791 1364; x_wconf 91' lang='lat' dir='ltr'>patria</span> <span class='ocrx_word' id='word_1_288' title='bbox 1825 1324 1894 1350; x_wconf 93' lang='lat' dir='ltr'>ro-</span> 
     </span>
     <span class='ocr_line' id='line_1_67' title="bbox 1197 1368 1891 1422; baseline -0.004 -12"><span class='ocrx_word' id='word_1_289' title='bbox 1197 1384 1354 1410; x_wconf 88' lang='lat' dir='ltr'>manus</span> <span class='ocrx_word' id='word_1_290' title='bbox 1372 1369 1503 1422; x_wconf 80' lang='lat' dir='ltr'>Vsque</span> <span class='ocrx_word' id='word_1_291' title='bbox 1526 1370 1582 1409; x_wconf 90' lang='lat' dir='ltr'>ad</span> <span class='ocrx_word' id='word_1_292' title='bbox 1607 1368 1758 1410; x_wconf 82' lang='lat' dir='ltr'>Seueri</span> <span class='ocrx_word' id='word_1_293' title='bbox 1781 1374 1891 1408; x_wconf 91' lang='lat' dir='ltr'>tem-</span> 
     </span>
     <span class='ocr_line' id='line_1_68' title="bbox 1089 1426 1892 1482; baseline -0.004 -14"><span class='ocrx_word' id='word_1_294' title='bbox 1089 1442 1197 1482; x_wconf 90' lang='lat' dir='ltr'>pora</span> <span class='ocrx_word' id='word_1_295' title='bbox 1239 1428 1449 1481; x_wconf 89' lang='lat' dir='ltr'>peruenit.</span> <span class='ocrx_word' id='word_1_296' title='bbox 1534 1427 1622 1467; x_wconf 89' lang='lat' dir='ltr'>Hic</span> <span class='ocrx_word' id='word_1_297' title='bbox 1669 1426 1892 1472; x_wconf 88' lang='lat' dir='ltr'>ieiunium,</span> 
     </span>
     <span class='ocr_line' id='line_1_69' title="bbox 1091 1484 1894 1540; baseline -0.004 -14"><span class='ocrx_word' id='word_1_298' title='bbox 1091 1486 1211 1540; x_wconf 85' lang='lat' dir='ltr'>quod</span> <span class='ocrx_word' id='word_1_299' title='bbox 1246 1493 1312 1526; x_wconf 89' lang='lat' dir='ltr'>ter</span> <span class='ocrx_word' id='word_1_300' title='bbox 1346 1486 1388 1525; x_wconf 93' lang='lat' dir='ltr'>in</span> <span class='ocrx_word' id='word_1_301' title='bbox 1423 1499 1542 1525; x_wconf 92' lang='lat' dir='ltr'>anno</span> <span class='ocrx_word' id='word_1_302' title='bbox 1578 1484 1894 1533; x_wconf 87' lang='lat' dir='ltr'>celebrabatur,</span> 
     </span>
     <span class='ocr_line' id='line_1_70' title="bbox 1092 1542 1895 1598; baseline -0.002 -14"><span class='ocrx_word' id='word_1_303' title='bbox 1092 1558 1169 1598; x_wconf 92' lang='lat' dir='ltr'>per</span> <span class='ocrx_word' id='word_1_304' title='bbox 1198 1550 1409 1597; x_wconf 84' lang='lat' dir='ltr'>quattuor</span> <span class='ocrx_word' id='word_1_305' title='bbox 1430 1549 1631 1596; x_wconf 90' lang='lat' dir='ltr'>tempora</span> <span class='ocrx_word' id='word_1_306' title='bbox 1657 1557 1665 1584; x_wconf 88' lang='lat'><strong>:</strong></span> <span class='ocrx_word' id='word_1_307' title='bbox 1687 1549 1735 1583; x_wconf 87' lang='lat' dir='ltr'>vt</span> <span class='ocrx_word' id='word_1_308' title='bbox 1761 1542 1895 1590; x_wconf 84' lang='lat' dir='ltr'>fieret,</span> 
     </span>
     <span class='ocr_line' id='line_1_71' title="bbox 1094 1601 1895 1653; baseline -0.005 -10"><span class='ocrx_word' id='word_1_309' title='bbox 1094 1603 1300 1644; x_wconf 86' lang='lat' dir='ltr'>decreuit.</span> <span class='ocrx_word' id='word_1_310' title='bbox 1366 1602 1428 1642; x_wconf 81' lang='lat' dir='ltr'>Vt</span> <span class='ocrx_word' id='word_1_311' title='bbox 1470 1601 1575 1641; x_wconf 91' lang='lat' dir='ltr'>sicut</span> <span class='ocrx_word' id='word_1_312' title='bbox 1617 1614 1757 1640; x_wconf 91' lang='lat' dir='ltr'>annus</span> <span class='ocrx_word' id='word_1_313' title='bbox 1799 1613 1895 1653; x_wconf 95' lang='lat' dir='ltr'>per-</span> 
     </span>
     <span class='ocr_line' id='line_1_72' title="bbox 1094 1657 1896 1713; baseline -0.004 -13"><span class='ocrx_word' id='word_1_314' title='bbox 1094 1666 1304 1713; x_wconf 84' lang='lat' dir='ltr'>quattuor</span> <span class='ocrx_word' id='word_1_315' title='bbox 1348 1659 1540 1699; x_wconf 86' lang='lat' dir='ltr'>voluitur</span> <span class='ocrx_word' id='word_1_316' title='bbox 1587 1664 1801 1711; x_wconf 88' lang='lat' dir='ltr'>tempora,</span> <span class='ocrx_word' id='word_1_317' title='bbox 1843 1657 1896 1698; x_wconf 92' lang='lat' dir='ltr'>sic</span> 
     </span>
     <span class='ocr_line' id='line_1_73' title="bbox 1095 1716 1897 1771; baseline -0.004 -13"><span class='ocrx_word' id='word_1_318' title='bbox 1095 1733 1175 1758; x_wconf 89' lang='lat' dir='ltr'>nos</span> <span class='ocrx_word' id='word_1_319' title='bbox 1209 1723 1472 1771; x_wconf 84' lang='lat' dir='ltr'>quaternum</span> <span class='ocrx_word' id='word_1_320' title='bbox 1506 1716 1681 1756; x_wconf 91' lang='lat' dir='ltr'>solenne</span> <span class='ocrx_word' id='word_1_321' title='bbox 1712 1729 1897 1768; x_wconf 87' lang='lat' dir='ltr'>agamus</span> 
     </span>
     <span class='ocr_line' id='line_1_74' title="bbox 1097 1774 1897 1828; baseline -0.004 -12"><span class='ocrx_word' id='word_1_322' title='bbox 1097 1777 1305 1816; x_wconf 90' lang='lat' dir='ltr'>ieiunium</span> <span class='ocrx_word' id='word_1_323' title='bbox 1329 1789 1406 1828; x_wconf 88' lang='lat' dir='ltr'>per</span> <span class='ocrx_word' id='word_1_324' title='bbox 1428 1781 1638 1828; x_wconf 88' lang='lat' dir='ltr'>quattuor</span> <span class='ocrx_word' id='word_1_325' title='bbox 1660 1774 1762 1814; x_wconf 90' lang='lat' dir='ltr'>anni</span> <span class='ocrx_word' id='word_1_326' title='bbox 1786 1780 1897 1814; x_wconf 92' lang='lat' dir='ltr'>tem-</span> 
     </span>
     <span class='ocr_line' id='line_1_75' title="bbox 1096 1831 1898 1887; baseline -0.004 -13"><span class='ocrx_word' id='word_1_327' title='bbox 1096 1848 1214 1887; x_wconf 89' lang='lat' dir='ltr'>pora.</span> <span class='ocrx_word' id='word_1_328' title='bbox 1258 1833 1430 1886; x_wconf 74' lang='lat' dir='ltr'>Quibus</span> <span class='ocrx_word' id='word_1_329' title='bbox 1453 1832 1726 1885; x_wconf 88' lang='lat' dir='ltr'>temporibus</span> <span class='ocrx_word' id='word_1_330' title='bbox 1750 1831 1898 1885; x_wconf 86' lang='lat' dir='ltr'>postea</span> 
     </span>
     <span class='ocr_line' id='line_1_76' title="bbox 1097 1890 1898 1939; baseline -0.005 -7"><span class='ocrx_word' id='word_1_331' title='bbox 1097 1892 1342 1932; x_wconf 89' lang='lat' dir='ltr'>institutum</span> <span class='ocrx_word' id='word_1_332' title='bbox 1366 1890 1437 1939; x_wconf 90' lang='lat' dir='ltr'>est,</span> <span class='ocrx_word' id='word_1_333' title='bbox 1459 1896 1506 1930; x_wconf 85' lang='lat' dir='ltr'>vt</span> <span class='ocrx_word' id='word_1_334' title='bbox 1529 1890 1652 1930; x_wconf 90' lang='lat' dir='ltr'>fieret</span> <span class='ocrx_word' id='word_1_335' title='bbox 1680 1890 1898 1930; x_wconf 86' lang='lat' dir='ltr'>sacrorum</span> 
     </span>
     <span class='ocr_line' id='line_1_77' title="bbox 1097 1948 1899 2000; baseline -0.002 -11"><span class='ocrx_word' id='word_1_336' title='bbox 1097 1950 1301 1990; x_wconf 85' lang='lat' dir='ltr'>ordinum</span> <span class='ocrx_word' id='word_1_337' title='bbox 1345 1948 1533 1988; x_wconf 88' lang='lat' dir='ltr'>initiatio</span> <span class='ocrx_word' id='word_1_338' title='bbox 1578 1961 1586 1988; x_wconf 90' lang='lat'><strong>:</strong></span> <span class='ocrx_word' id='word_1_339' title='bbox 1628 1961 1728 2000; x_wconf 69' lang='lat' dir='ltr'>quae</span> <span class='ocrx_word' id='word_1_340' title='bbox 1768 1953 1899 1987; x_wconf 89' lang='lat' dir='ltr'>antea</span> 
     </span>
     <span class='ocr_line' id='line_1_78' title="bbox 1099 2004 1898 2048; baseline -0.005 0"><span class='ocrx_word' id='word_1_341' title='bbox 1099 2007 1336 2048; x_wconf 89' lang='lat' dir='ltr'>Decembri</span> <span class='ocrx_word' id='word_1_342' title='bbox 1369 2006 1594 2046; x_wconf 76' lang='lat' dir='ltr'>duntaxat</span> <span class='ocrx_word' id='word_1_343' title='bbox 1626 2004 1772 2045; x_wconf 91' lang='lat' dir='ltr'>mense</span> <span class='ocrx_word' id='word_1_344' title='bbox 1806 2004 1898 2044; x_wconf 89' lang='lat' dir='ltr'>fieri</span> 
     </span>
     <span class='ocr_line' id='line_1_79' title="bbox 1098 2064 1900 2116; baseline -0.004 -11"><span class='ocrx_word' id='word_1_345' title='bbox 1098 2065 1395 2106; x_wconf 89' lang='lat' dir='ltr'>consueuerat.</span> <span class='ocrx_word' id='word_1_346' title='bbox 1453 2064 1769 2105; x_wconf 87' lang='lat' dir='ltr'>Coemeterium</span> <span class='ocrx_word' id='word_1_347' title='bbox 1793 2076 1900 2116; x_wconf 87' lang='lat' dir='ltr'>quo-</span> 
     </span>
     <span class='ocr_line' id='line_1_80' title="bbox 1099 2120 1902 2176; baseline -0.002 -13"><span class='ocrx_word' id='word_1_348' title='bbox 1099 2137 1184 2176; x_wconf 86' lang='lat' dir='ltr'>que</span> <span class='ocrx_word' id='word_1_349' title='bbox 1215 2123 1271 2163; x_wconf 93' lang='lat' dir='ltr'>de</span> <span class='ocrx_word' id='word_1_350' title='bbox 1301 2122 1374 2162; x_wconf 91' lang='lat' dir='ltr'>suo</span> <span class='ocrx_word' id='word_1_351' title='bbox 1405 2122 1582 2161; x_wconf 88' lang='lat' dir='ltr'>nomine</span> <span class='ocrx_word' id='word_1_352' title='bbox 1611 2121 1810 2161; x_wconf 90' lang='lat' dir='ltr'>condidit</span> <span class='ocrx_word' id='word_1_353' title='bbox 1831 2120 1902 2161; x_wconf 86' lang='lat' dir='ltr'>via</span> 
     </span>
     <span class='ocr_line' id='line_1_81' title="bbox 1099 2178 1900 2234; baseline -0.005 -12"><span class='ocrx_word' id='word_1_354' title='bbox 1099 2181 1262 2234; x_wconf 86' lang='lat' dir='ltr'>Appia,</span> <span class='ocrx_word' id='word_1_355' title='bbox 1305 2181 1348 2220; x_wconf 91' lang='lat' dir='ltr'>in</span> <span class='ocrx_word' id='word_1_356' title='bbox 1398 2180 1494 2220; x_wconf 90' lang='lat' dir='ltr'>loco</span> <span class='ocrx_word' id='word_1_357' title='bbox 1540 2179 1613 2220; x_wconf 86' lang='lat' dir='ltr'>vbi</span> <span class='ocrx_word' id='word_1_358' title='bbox 1660 2178 1900 2219; x_wconf 89' lang='lat' dir='ltr'>multorum</span> 
     </span>
     <span class='ocr_line' id='line_1_82' title="bbox 1101 2236 1901 2291; baseline -0.005 -12"><span class='ocrx_word' id='word_1_359' title='bbox 1101 2246 1344 2291; x_wconf 90' lang='lat' dir='ltr'>martyrum</span> <span class='ocrx_word' id='word_1_360' title='bbox 1375 2238 1540 2277; x_wconf 89' lang='lat' dir='ltr'>cineres</span> <span class='ocrx_word' id='word_1_361' title='bbox 1569 2242 1701 2277; x_wconf 90' lang='lat' dir='ltr'>antea</span> <span class='ocrx_word' id='word_1_362' title='bbox 1730 2236 1901 2289; x_wconf 88' lang='lat' dir='ltr'>repositi</span> 
     </span>
     <span class='ocr_line' id='line_1_83' title="bbox 1100 2294 1903 2337; baseline -0.004 -1"><span class='ocrx_word' id='word_1_363' title='bbox 1100 2297 1284 2337; x_wconf 87' lang='lat' dir='ltr'>fuerant.</span> <span class='ocrx_word' id='word_1_364' title='bbox 1348 2295 1571 2336; x_wconf 87' lang='lat' dir='ltr'>Postremo</span> <span class='ocrx_word' id='word_1_365' title='bbox 1596 2295 1670 2335; x_wconf 83' lang='lat' dir='ltr'>vbi</span> <span class='ocrx_word' id='word_1_366' title='bbox 1701 2308 1758 2334; x_wconf 91' lang='lat' dir='ltr'>ex</span> <span class='ocrx_word' id='word_1_367' title='bbox 1789 2294 1903 2334; x_wconf 91' lang='lat' dir='ltr'>ordi-</span> 
     </span>
     <span class='ocr_line' id='line_1_84' title="bbox 1102 2351 1906 2404; baseline -0.006 -9"><span class='ocrx_word' id='word_1_368' title='bbox 1102 2354 1356 2396; x_wconf 90' lang='lat' dir='ltr'>nationibus</span> <span class='ocrx_word' id='word_1_369' title='bbox 1372 2353 1517 2393; x_wconf 90' lang='lat' dir='ltr'>mense</span> <span class='ocrx_word' id='word_1_370' title='bbox 1533 2352 1769 2392; x_wconf 89' lang='lat' dir='ltr'>Decembri</span> <span class='ocrx_word' id='word_1_371' title='bbox 1781 2351 1906 2404; x_wconf 87' lang='lat' dir='ltr'>quin-</span> 
     </span>
     <span class='ocr_line' id='line_1_85' title="bbox 1103 2408 1905 2466; baseline -0.005 -14"><span class='ocrx_word' id='word_1_372' title='bbox 1103 2413 1229 2466; x_wconf 84' lang='lat' dir='ltr'>quies</span> <span class='ocrx_word' id='word_1_373' title='bbox 1274 2411 1447 2459; x_wconf 72' lang='lat' dir='ltr'>habstis,</span> <span class='ocrx_word' id='word_1_374' title='bbox 1484 2410 1766 2463; x_wconf 87' lang='lat' dir='ltr'>presbyteros</span> <span class='ocrx_word' id='word_1_375' title='bbox 1803 2408 1905 2461; x_wconf 88' lang='lat' dir='ltr'>.xvj.</span> 
     </span>
     <span class='ocr_line' id='line_1_86' title="bbox 1105 2467 1906 2521; baseline -0.005 -11"><span class='ocrx_word' id='word_1_376' title='bbox 1105 2471 1314 2510; x_wconf 89' lang='lat' dir='ltr'>diaconos</span> <span class='ocrx_word' id='word_1_377' title='bbox 1344 2469 1427 2521; x_wconf 82' lang='lat' dir='ltr'>.iiij.</span> <span class='ocrx_word' id='word_1_378' title='bbox 1455 2468 1681 2521; x_wconf 90' lang='lat' dir='ltr'>episcopos</span> <span class='ocrx_word' id='word_1_379' title='bbox 1703 2467 1791 2519; x_wconf 90' lang='lat' dir='ltr'>viij.</span> <span class='ocrx_word' id='word_1_380' title='bbox 1816 2480 1906 2506; x_wconf 90' lang='lat' dir='ltr'>cre-</span> 
     </span>
     <span class='ocr_line' id='line_1_87' title="bbox 1106 2524 1905 2579; baseline -0.005 -11"><span class='ocrx_word' id='word_1_381' title='bbox 1106 2528 1222 2575; x_wconf 88' lang='lat' dir='ltr'>asset,</span> <span class='ocrx_word' id='word_1_382' title='bbox 1249 2527 1461 2579; x_wconf 87' lang='lat' dir='ltr'>martyrio</span> <span class='ocrx_word' id='word_1_383' title='bbox 1489 2532 1725 2566; x_wconf 89' lang='lat' dir='ltr'>coronatus</span> <span class='ocrx_word' id='word_1_384' title='bbox 1755 2524 1825 2574; x_wconf 89' lang='lat' dir='ltr'>est,</span> <span class='ocrx_word' id='word_1_385' title='bbox 1855 2537 1905 2564; x_wconf 89' lang='lat' dir='ltr'>ac</span> 
     </span>
     <span class='ocr_line' id='line_1_88' title="bbox 1107 2581 1902 2638; baseline -0.005 -13"><span class='ocrx_word' id='word_1_386' title='bbox 1107 2586 1300 2638; x_wconf 88' lang='lat' dir='ltr'>sepultus</span> <span class='ocrx_word' id='word_1_387' title='bbox 1323 2585 1366 2623; x_wconf 87' lang='lat' dir='ltr'>in</span> <span class='ocrx_word' id='word_1_388' title='bbox 1389 2584 1644 2623; x_wconf 89' lang='lat' dir='ltr'>coemeterio</span> <span class='ocrx_word' id='word_1_389' title='bbox 1672 2581 1902 2635; x_wconf 90' lang='lat' dir='ltr'>Calopodij</span> 
     </span>
     <span class='ocr_line' id='line_1_89' title="bbox 1107 2639 1907 2693; baseline -0.006 -9"><span class='ocrx_word' id='word_1_390' title='bbox 1107 2644 1177 2684; x_wconf 78' lang='lat' dir='ltr'>via</span> <span class='ocrx_word' id='word_1_391' title='bbox 1209 2641 1393 2683; x_wconf 81' lang='lat' dir='ltr'>Aurelia</span> <span class='ocrx_word' id='word_1_392' title='bbox 1426 2641 1499 2693; x_wconf 89' lang='lat' dir='ltr'>.iij.</span> <span class='ocrx_word' id='word_1_393' title='bbox 1534 2641 1589 2681; x_wconf 87' lang='lat' dir='ltr'>ab</span> <span class='ocrx_word' id='word_1_394' title='bbox 1621 2641 1726 2681; x_wconf 89' lang='lat' dir='ltr'>vrbe</span> <span class='ocrx_word' id='word_1_395' title='bbox 1759 2639 1907 2692; x_wconf 90' lang='lat' dir='ltr'>lapide</span> 
     </span>
     <span class='ocr_line' id='line_1_90' title="bbox 1108 2697 1907 2754; baseline -0.006 -13"><span class='ocrx_word' id='word_1_396' title='bbox 1108 2701 1248 2754; x_wconf 87' lang='lat' dir='ltr'>pridie</span> <span class='ocrx_word' id='word_1_397' title='bbox 1266 2700 1363 2740; x_wconf 92' lang='lat' dir='ltr'>idus</span> <span class='ocrx_word' id='word_1_398' title='bbox 1383 2697 1600 2741; x_wconf 68' lang='lat' dir='ltr'>Octobris.</span> <span class='ocrx_word' id='word_1_399' title='bbox 1620 2711 1719 2739; x_wconf 87' lang='lat' dir='ltr'>cum</span> <span class='ocrx_word' id='word_1_400' title='bbox 1739 2697 1907 2737; x_wconf 91' lang='lat' dir='ltr'>sedisset</span> 
     </span>
     <span class='ocr_line' id='line_1_91' title="bbox 1109 2757 1790 2810; baseline -0.006 -11"><span class='ocrx_word' id='word_1_401' title='bbox 1109 2772 1250 2799; x_wconf 91' lang='lat' dir='ltr'>annos</span> <span class='ocrx_word' id='word_1_402' title='bbox 1273 2757 1339 2810; x_wconf 83' lang='lat' dir='ltr'>,vj.</span> <span class='ocrx_word' id='word_1_403' title='bbox 1364 2757 1531 2797; x_wconf 90' lang='lat' dir='ltr'>menses</span> <span class='ocrx_word' id='word_1_404' title='bbox 1554 2771 1597 2798; x_wconf 89' lang='lat' dir='ltr'>x.</span> <span class='ocrx_word' id='word_1_405' title='bbox 1620 2757 1714 2797; x_wconf 89' lang='lat' dir='ltr'>dies</span> <span class='ocrx_word' id='word_1_406' title='bbox 1736 2770 1790 2796; x_wconf 89' lang='lat' dir='ltr'>.x.</span> 
     </span>
    </p>
   </div>
   <div class='ocr_carea' id='block_1_10' title="bbox 1177 2892 1601 2975">
    <p class='ocr_par' dir='ltr' id='par_1_10' title="bbox 1177 2892 1601 2975">
     <span class='ocr_line' id='line_1_92' title="bbox 1177 2892 1462 2934; baseline -0.007 -7"><span class='ocrx_word' id='word_1_407' title='bbox 1177 2892 1191 2914; x_wconf 82' lang='lat'><strong>3</strong></span> <span class='ocrx_word' id='word_1_408' title='bbox 1216 2892 1275 2927; x_wconf 83' lang='lat' dir='ltr'>die</span> <span class='ocrx_word' id='word_1_409' title='bbox 1299 2902 1338 2934; x_wconf 80' lang='lat'>14</span> <span class='ocrx_word' id='word_1_410' title='bbox 1357 2893 1397 2925; x_wconf 70' lang='lat'>2⁴72</span> <span class='ocrx_word' id='word_1_411' title='bbox 1416 2903 1462 2926; x_wconf 86' lang='lat' dir='ltr'>m.</span> 
     </span>
     <span class='ocr_line' id='line_1_93' title="bbox 1178 2939 1601 2975; baseline -0.007 0"><span class='ocrx_word' id='word_1_412' title='bbox 1178 2940 1191 2961; x_wconf 73' lang='lat'>4</span> <span class='ocrx_word' id='word_1_413' title='bbox 1219 2940 1386 2975; x_wconf 82' lang='lat' dir='ltr'>Callistus</span> <span class='ocrx_word' id='word_1_414' title='bbox 1407 2951 1414 2972; x_wconf 87' lang='lat'>:</span> <span class='ocrx_word' id='word_1_415' title='bbox 1436 2940 1477 2974; x_wconf 88' lang='lat' dir='ltr'>R.</span> <span class='ocrx_word' id='word_1_416' title='bbox 1500 2939 1538 2973; x_wconf 83' lang='lat' dir='ltr'>P.</span> <span class='ocrx_word' id='word_1_417' title='bbox 1558 2939 1601 2973; x_wconf 88' lang='lat' dir='ltr'>A.</span> 
     </span>
    </p>
   </div>
  </div>
 </body>
</html>
