1916 3243
835 142 924 181 xvii

192 693 308 734 Ante
339 693 646 746 Praefalz'onem
679 692 914 734 editionum
949 707 1063 733 anno
1094 693 1281 734 Domini
1316 702 1360 745 15
1370 694 1423 746 36
1454 693 1644 745 Parisiis

107 760 398 814 impressarnm
422 762 672 814 infhrnnlur
689 761 774 802 lcoec
792 760 1053 814 Prinilegia.

643 889 687 933 fl
715 886 873 926 Paulus
896 900 1012 939 papa
1033 885 1101 938 .iij.

118 984 218 1016 Θ)
239 984 461 1024 Eatisfime
489 990 625 1036 pater,
652 983 866 1036 supplicat
894 983 1120 1023 humiliter
1151 983 1192 1024 S.
1225 983 1278 1024 V.
1309 984 1497 1024 deuotus
1526 984 1640 1024 illius

119 1039 217 1076 ·-‘⁵2'³³·.³·.
266 1059 413 1093 orator
462 1052 674 1093 Galeotus
722 1053 780 1092 du
832 1052 913 1092 Pre
963 1058 1179 1092 mercator
1227 1052 1426 1093 librarius
1475 1054 1641 1093 iuratus

102 1122 390 1162 vniuerfitatis
429 1121 669 1161 Parifienfis
705 1126 924 1173 quatenus
961 1120 1035 1161 fibi
1075 1120 1306 1173 specialem
1348 1122 1536 1174 gratiam
1579 1122 1641 1162 fa-

103 1191 257 1230 cientis
298 1196 344 1230 vt
386 1190 545 1231 librum
588 1190 787 1230 ordinem
829 1190 1078 1230 diuinorum
1118 1190 1360 1231 officiorum
1403 1191 1639 1231 secundum

102 1260 222 1300 Vsum
258 1260 461 1300 Romane
494 1259 666 1300 ecclesie
703 1260 876 1300 nouiter
912 1260 1093 1308 editum,
1127 1274 1177 1300 ac
1213 1260 1528 1301 breuiariorum
1567 1261 1640 1301 de-

103 1328 227 1381 super
262 1330 317 1369 de
355 1329 530 1369 licentia
569 1328 613 1369 S.
652 1329 706 1369 V.
744 1328 1047 1381 impressorum
1085 1328 1271 1369 sormam
1313 1330 1638 1370 recitandorum

102 1398 317 1437 rationem
363 1397 437 1436 sex
479 1410 694 1436 annorum
738 1397 781 1436 in
831 1396 871 1436 se
919 1397 1232 1446 continentem,
1275 1411 1386 1450 opus
1435 1397 1640 1437 omnibus

101 1465 293 1516 personis
326 1464 615 1505 ecclesiasticis
648 1463 816 1505 di&um
848 1464 969 1505 Vsum
999 1464 1227 1505 obseruare
1256 1465 1505 1506 volentibus
1535 1466 1639 1506 vtile

103 1539 146 1573 et
182 1533 311 1573 valde
353 1534 634 1574 necessarium
678 1535 926 1587 imprimere
957 1534 1025 1575 vel
1060 1535 1252 1587 imprimi
1290 1534 1442 1584 facere,
1484 1541 1527 1575 et
1560 1536 1638 1576 im-

103 1602 289 1654 pressum
332 1602 374 1641 in
418 1616 553 1655 regno
607 1603 790 1642 Francie
842 1609 885 1643 et
934 1603 1058 1642 terris
1112 1603 1466 1644 Christianisfimo
1504 1605 1639 1645 Fran—

101 1684 252 1711 corum
277 1672 389 1724 Regi
412 1669 614 1712 subiecfftis
636 1672 888 1712 venundare
910 1671 1043 1712 libere
1065 1678 1108 1712 et
1131 1671 1247 1712 licite
1269 1673 1394 1725 possit
1416 1672 1637 1714 licentiam

102 1747 146 1780 et
180 1740 435 1780 facultatem
472 1741 713 1781 concedere
750 1747 793 1781 et
830 1740 1068 1793 indulgere.
1131 1741 1309 1782 Irritum
1346 1756 1523 1796 quoque
1559 1750 1637 1784 etc.

102 1810 333 1850 decernere
361 1811 605 1863 dignemini
635 1811 690 1850 de
724 1811 866 1863 gratia
901 1810 1073 1863 speciali
1108 1825 1195 1851 non
1231 1811 1502 1852 obstantibus
1537 1827 1639 1852 con-

103 1879 399 1920 stitutionibus
422 1886 465 1921 et
487 1880 840 1921 ordinationibus
863 1880 1123 1933 apostolicis,
1145 1881 1383 1934 ceterisque
1409 1882 1638 1934 contrarijs

102 1947 430 2002 quibuscunque
451 1963 550 1989 cum
574 1948 773 1989 clausulis
796 1950 1067 2002 opportunis.

634 2036 733 2077 Fiat
754 2042 801 2076 vt
824 2036 997 2089 petitur.
1048 2035 1104 2076 A.

190 2179 249 2218 Et
278 2178 401 2218 litere
431 2192 507 2231 per
536 2179 668 2219 breue
705 2178 747 2219 S.
776 2179 828 2220 V.
858 2178 927 2219 Vel
957 2178 1228 2219 audientiam
1263 2175 1635 2218 contradictarum

103 2247 302 2299 expediri
326 2248 493 2300 possmt.

757 2305 865 2345 Fiat.
917 2305 972 2345 A.

190 2448 357 2488 Datum
403 2447 546 2487 Rome
588 2447 706 2499 apud
751 2445 946 2487 sancfffflm
992 2446 1169 2486 Petrum
1213 2445 1367 2498 quinto
1415 2445 1636 2487 Calendas

105 2516 325 2569 Februarij
352 2530 467 2556 anno
492 2516 690 2556 secundo.
