<?xml version="1.0" encoding="UTF-8"?>
<!DOCTYPE html PUBLIC "-//W3C//DTD XHTML 1.0 Transitional//EN"
    "http://www.w3.org/TR/xhtml1/DTD/xhtml1-transitional.dtd">
<html xmlns="http://www.w3.org/1999/xhtml" xml:lang="en" lang="en">
 <head>
  <title>
</title>
<meta http-equiv="Content-Type" content="text/html;charset=utf-8" />
  <meta name='ocr-system' content='tesseract 3.04.00' />
  <meta name='ocr-capabilities' content='ocr_page ocr_carea ocr_par ocr_line ocrx_word'/>
</head>
<body>
  <div class='ocr_page' id='page_1' title='image "./breviariumromanu00cath/breviariumromanu00cath_0247.png"; bbox 0 0 1981 3248; ppageno 0'>
   <div class='ocr_carea' id='block_1_1' title="bbox 475 127 1412 162">
    <p class='ocr_par' dir='ltr' id='par_1_1' title="bbox 475 127 1412 162">
     <span class='ocr_line' id='line_1_1' title="bbox 475 127 1412 162; baseline 0.001 -3"><span class='ocrx_word' id='word_1_1' title='bbox 475 128 717 159; x_wconf 80' lang='lat' dir='ltr'><em>OFFJCJVM</em></span> <span class='ocrx_word' id='word_1_2' title='bbox 742 127 931 159; x_wconf 80' lang='lat' dir='ltr'><em>BEATAE</em></span> <span class='ocrx_word' id='word_1_3' title='bbox 962 127 1148 159; x_wconf 76' lang='lat' dir='ltr'><em>MARJAE</em></span> <span class='ocrx_word' id='word_1_4' title='bbox 1184 130 1412 162; x_wconf 82' lang='lat' dir='ltr'><em>VIRGINIS.</em></span> 
     </span>
    </p>
   </div>
   <div class='ocr_carea' id='block_1_2' title="bbox 108 203 909 475">
    <p class='ocr_par' dir='ltr' id='par_1_2' title="bbox 108 203 909 475">
     <span class='ocr_line' id='line_1_2' title="bbox 169 203 908 256; baseline -0.001 -12"><span class='ocrx_word' id='word_1_5' title='bbox 169 203 237 245; x_wconf 78' lang='lat' dir='ltr'>Sit</span> <span class='ocrx_word' id='word_1_6' title='bbox 290 204 402 244; x_wconf 89' lang='lat' dir='ltr'>salus</span> <span class='ocrx_word' id='word_1_7' title='bbox 454 204 526 253; x_wconf 81' lang='lat' dir='ltr'>illi,</span> <span class='ocrx_word' id='word_1_8' title='bbox 577 205 722 253; x_wconf 88' lang='lat' dir='ltr'>decus,</span> <span class='ocrx_word' id='word_1_9' title='bbox 775 210 908 256; x_wconf 84' lang='lat' dir='ltr'>atque</span> 
     </span>
     <span class='ocr_line' id='line_1_3' title="bbox 108 261 908 314; baseline -0.001 -13"><span class='ocrx_word' id='word_1_10' title='bbox 108 262 245 301; x_wconf 89' lang='lat' dir='ltr'>virtus</span> <span class='ocrx_word' id='word_1_11' title='bbox 276 277 283 302; x_wconf 74' lang='grc' dir='ltr'>ε</span> <span class='ocrx_word' id='word_1_12' title='bbox 315 261 401 314; x_wconf 77' lang='lat' dir='ltr'>Qui</span> <span class='ocrx_word' id='word_1_13' title='bbox 433 262 559 314; x_wconf 89' lang='lat' dir='ltr'>supra</span> <span class='ocrx_word' id='word_1_14' title='bbox 591 262 690 302; x_wconf 88' lang='lat' dir='ltr'>coeli</span> <span class='ocrx_word' id='word_1_15' title='bbox 722 262 908 301; x_wconf 74' lang='lat' dir='ltr'>residens</span> 
     </span>
     <span class='ocr_line' id='line_1_4' title="bbox 110 318 909 368; baseline 0 -10"><span class='ocrx_word' id='word_1_16' title='bbox 110 332 331 368; x_wconf 80' lang='lat' dir='ltr'>cacumen,</span> <span class='ocrx_word' id='word_1_17' title='bbox 368 320 525 360; x_wconf 87' lang='lat' dir='ltr'>Totius</span> <span class='ocrx_word' id='word_1_18' title='bbox 558 320 711 360; x_wconf 91' lang='lat' dir='ltr'>mundi</span> <span class='ocrx_word' id='word_1_19' title='bbox 744 318 909 359; x_wconf 84' lang='lat' dir='ltr'>maehi-</span> 
     </span>
     <span class='ocr_line' id='line_1_5' title="bbox 111 377 909 429; baseline 0 -13"><span class='ocrx_word' id='word_1_20' title='bbox 111 390 214 416; x_wconf 90' lang='lat' dir='ltr'>nam</span> <span class='ocrx_word' id='word_1_21' title='bbox 246 378 464 429; x_wconf 76' lang='lat' dir='ltr'>gubernat</span> <span class='ocrx_word' id='word_1_22' title='bbox 501 377 662 417; x_wconf 88' lang='lat' dir='ltr'>Trinus</span> <span class='ocrx_word' id='word_1_23' title='bbox 703 382 746 416; x_wconf 92' lang='lat' dir='ltr'>et</span> <span class='ocrx_word' id='word_1_24' title='bbox 787 390 909 417; x_wconf 82' lang='lat' dir='ltr'>VnUS.</span> 
     </span>
     <span class='ocr_line' id='line_1_6' title="bbox 109 434 270 475; baseline 0.006 -1"><span class='ocrx_word' id='word_1_25' title='bbox 109 434 270 475; x_wconf 87' lang='lat' dir='ltr'>Amen.</span> 
     </span>
    </p>
   </div>
   <div class='ocr_carea' id='block_1_3' title="bbox 226 571 802 624">
    <p class='ocr_par' dir='ltr' id='par_1_3' title="bbox 226 571 802 624">
     <span class='ocr_line' id='line_1_7' title="bbox 226 571 802 624; baseline -0.003 -11"><span class='ocrx_word' id='word_1_26' title='bbox 226 576 269 621; x_wconf 63' lang='lat'>61</span> <span class='ocrx_word' id='word_1_27' title='bbox 310 572 539 614; x_wconf 70' lang='lat' dir='ltr'><em>Commune</em></span> <span class='ocrx_word' id='word_1_28' title='bbox 569 571 802 624; x_wconf 62' lang='lat' dir='ltr'>virgiliani.</span> 
     </span>
    </p>
   </div>
   <div class='ocr_carea' id='block_1_4' title="bbox 113 663 910 712">
    <p class='ocr_par' dir='ltr' id='par_1_4' title="bbox 113 663 910 712">
     <span class='ocr_line' id='line_1_8' title="bbox 113 663 910 712; baseline 0 -8"><span class='ocrx_word' id='word_1_29' title='bbox 113 667 156 712; x_wconf 64' lang='grc' dir='ltr'>ΕΙ</span> <span class='ocrx_word' id='word_1_30' title='bbox 190 664 272 704; x_wconf 77' lang='lat' dir='ltr'>Ad</span> <span class='ocrx_word' id='word_1_31' title='bbox 295 664 571 704; x_wconf 74' lang='lat' dir='ltr'>malatinam.</span> <span class='ocrx_word' id='word_1_32' title='bbox 596 663 910 704; x_wconf 67' lang='lat' dir='ltr'>inuinnorizmz.</span> 
     </span>
    </p>
   </div>
   <div class='ocr_carea' id='block_1_5' title="bbox 110 750 910 848">
    <p class='ocr_par' dir='ltr' id='par_1_5' title="bbox 110 750 910 848">
     <span class='ocr_line' id='line_1_9' title="bbox 170 750 910 802; baseline 0.001 -13"><span class='ocrx_word' id='word_1_33' title='bbox 170 750 340 802; x_wconf 82' lang='lat' dir='ltr'><strong>Regem</strong></span> <span class='ocrx_word' id='word_1_34' title='bbox 398 750 617 802; x_wconf 84' lang='lat' dir='ltr'>virginum</span> <span class='ocrx_word' id='word_1_35' title='bbox 680 750 910 790; x_wconf 91' lang='lat' dir='ltr'>dominum</span> 
     </span>
     <span class='ocr_line' id='line_1_10' title="bbox 110 807 524 848; baseline -0.002 0"><span class='ocrx_word' id='word_1_36' title='bbox 110 808 258 848; x_wconf 89' lang='lat' dir='ltr'>venite</span> <span class='ocrx_word' id='word_1_37' title='bbox 280 807 524 847; x_wconf 68' lang='lat' dir='ltr'>adoremus</span> 
     </span>
    </p>
   </div>
   <div class='ocr_carea' id='block_1_6' title="bbox 107 916 919 1027">
    <p class='ocr_par' dir='ltr' id='par_1_6' title="bbox 107 916 919 1027">
     <span class='ocr_line' id='line_1_11' title="bbox 170 916 919 968; baseline 0.001 -12"><span class='ocrx_word' id='word_1_38' title='bbox 170 916 374 968; x_wconf 73' lang='lat' dir='ltr'>Hymnus</span> <span class='ocrx_word' id='word_1_39' title='bbox 404 917 467 957; x_wconf 77' lang='lat' dir='ltr'>aa&#39;</span> <span class='ocrx_word' id='word_1_40' title='bbox 495 917 757 957; x_wconf 77' lang='lat' dir='ltr'>matnlinnni</span> <span class='ocrx_word' id='word_1_41' title='bbox 788 924 829 958; x_wconf 75' lang='lat' dir='ltr'>et</span> <span class='ocrx_word' id='word_1_42' title='bbox 856 918 919 957; x_wconf 79' lang='lat' dir='ltr'>aa&#39;</span> 
     </span>
     <span class='ocr_line' id='line_1_12' title="bbox 107 974 305 1027; baseline 0 -13"><span class='ocrx_word' id='word_1_43' title='bbox 107 974 305 1027; x_wconf 63' lang='lat' dir='ltr'>vesperas.</span> 
     </span>
    </p>
   </div>
   <div class='ocr_carea' id='block_1_7' title="bbox 111 1060 913 2266">
    <p class='ocr_par' dir='ltr' id='par_1_7' title="bbox 113 1060 913 1143">
     <span class='ocr_line' id='line_1_13' title="bbox 113 1060 913 1143; baseline -0.001 -42"><span class='ocrx_word' id='word_1_44' title='bbox 113 1061 362 1143; x_wconf 73' lang='lat' dir='ltr'>VIrginis</span> <span class='ocrx_word' id='word_1_45' title='bbox 385 1061 528 1114; x_wconf 88' lang='lat' dir='ltr'>proles</span> <span class='ocrx_word' id='word_1_46' title='bbox 558 1060 799 1113; x_wconf 78' lang='lat' dir='ltr'>opifexque</span> <span class='ocrx_word' id='word_1_47' title='bbox 822 1075 913 1101; x_wconf 84' lang='lat' dir='ltr'>ma-</span> 
     </span>
    </p>

    <p class='ocr_par' dir='ltr' id='par_1_8' title="bbox 111 1119 912 1332">
     <span class='ocr_line' id='line_1_14' title="bbox 229 1119 912 1172; baseline -0.001 -13"><span class='ocrx_word' id='word_1_48' title='bbox 229 1120 317 1168; x_wconf 82' lang='lat' dir='ltr'>tris,</span> <span class='ocrx_word' id='word_1_49' title='bbox 349 1120 471 1172; x_wconf 83' lang='lat' dir='ltr'>virgo</span> <span class='ocrx_word' id='word_1_50' title='bbox 508 1132 639 1171; x_wconf 87' lang='lat' dir='ltr'>quem</span> <span class='ocrx_word' id='word_1_51' title='bbox 671 1119 805 1171; x_wconf 77' lang='lat' dir='ltr'>gesfit,</span> <span class='ocrx_word' id='word_1_52' title='bbox 838 1133 912 1171; x_wconf 90' lang='lat' dir='ltr'>pe-</span> 
     </span>
     <span class='ocr_line' id='line_1_15' title="bbox 111 1176 910 1229; baseline 0 -13"><span class='ocrx_word' id='word_1_53' title='bbox 111 1177 313 1229; x_wconf 83' lang='lat' dir='ltr'>peritque</span> <span class='ocrx_word' id='word_1_54' title='bbox 353 1177 488 1229; x_wconf 85' lang='lat' dir='ltr'>virgo,</span> <span class='ocrx_word' id='word_1_55' title='bbox 520 1177 716 1229; x_wconf 77' lang='lat' dir='ltr'>Virginis</span> <span class='ocrx_word' id='word_1_56' title='bbox 758 1176 910 1216; x_wconf 89' lang='lat' dir='ltr'>sestum</span> 
     </span>
     <span class='ocr_line' id='line_1_16' title="bbox 112 1233 912 1287; baseline 0 -13"><span class='ocrx_word' id='word_1_57' title='bbox 112 1234 309 1274; x_wconf 82' lang='lat' dir='ltr'>canimus</span> <span class='ocrx_word' id='word_1_58' title='bbox 341 1234 589 1287; x_wconf 80' lang='lat' dir='ltr'>trophaeum</span> <span class='ocrx_word' id='word_1_59' title='bbox 626 1233 797 1287; x_wconf 84' lang='lat' dir='ltr'>Accipe</span> <span class='ocrx_word' id='word_1_60' title='bbox 838 1248 912 1274; x_wconf 84' lang='lat' dir='ltr'>vo-</span> 
     </span>
     <span class='ocr_line' id='line_1_17' title="bbox 111 1297 217 1332; baseline 0.009 -1"><span class='ocrx_word' id='word_1_61' title='bbox 111 1297 217 1332; x_wconf 86' lang='lat' dir='ltr'>tum.</span> 
     </span>
    </p>

    <p class='ocr_par' dir='ltr' id='par_1_9' title="bbox 111 1349 913 1575">
     <span class='ocr_line' id='line_1_18' title="bbox 172 1349 910 1403; baseline 0.001 -14"><span class='ocrx_word' id='word_1_62' title='bbox 172 1350 285 1389; x_wconf 61' lang='lat' dir='ltr'>Haec</span> <span class='ocrx_word' id='word_1_63' title='bbox 316 1355 391 1390; x_wconf 88' lang='lat' dir='ltr'>tua</span> <span class='ocrx_word' id='word_1_64' title='bbox 422 1350 544 1403; x_wconf 89' lang='lat' dir='ltr'>virgo</span> <span class='ocrx_word' id='word_1_65' title='bbox 578 1349 740 1402; x_wconf 79' lang='lat' dir='ltr'>duplici</span> <span class='ocrx_word' id='word_1_66' title='bbox 782 1349 910 1390; x_wconf 86' lang='lat' dir='ltr'>beata</span> 
     </span>
     <span class='ocr_line' id='line_1_19' title="bbox 113 1406 912 1460; baseline -0.001 -13"><span class='ocrx_word' id='word_1_67' title='bbox 113 1406 242 1448; x_wconf 83' lang='lat' dir='ltr'>Sorte</span> <span class='ocrx_word' id='word_1_68' title='bbox 258 1408 362 1447; x_wconf 92' lang='lat' dir='ltr'>dum</span> <span class='ocrx_word' id='word_1_69' title='bbox 380 1407 507 1459; x_wconf 90' lang='lat' dir='ltr'>gestit</span> <span class='ocrx_word' id='word_1_70' title='bbox 516 1407 715 1460; x_wconf 87' lang='lat' dir='ltr'>fragilem</span> <span class='ocrx_word' id='word_1_71' title='bbox 731 1407 912 1447; x_wconf 84' lang='lat' dir='ltr'>domare</span> 
     </span>
     <span class='ocr_line' id='line_1_20' title="bbox 113 1464 913 1517; baseline -0.001 -12"><span class='ocrx_word' id='word_1_72' title='bbox 113 1464 319 1517; x_wconf 80' lang='lat' dir='ltr'>Corporis</span> <span class='ocrx_word' id='word_1_73' title='bbox 348 1465 513 1511; x_wconf 75' lang='lat' dir='ltr'>sexum,</span> <span class='ocrx_word' id='word_1_74' title='bbox 546 1465 715 1505; x_wconf 78' lang='lat' dir='ltr'>domuit</span> <span class='ocrx_word' id='word_1_75' title='bbox 749 1465 913 1505; x_wconf 88' lang='lat' dir='ltr'>Cruen-</span> 
     </span>
     <span class='ocr_line' id='line_1_21' title="bbox 111 1522 615 1575; baseline 0 -13"><span class='ocrx_word' id='word_1_76' title='bbox 111 1528 205 1562; x_wconf 90' lang='lat' dir='ltr'>tum</span> <span class='ocrx_word' id='word_1_77' title='bbox 230 1522 424 1575; x_wconf 80' lang='lat' dir='ltr'>Corpore</span> <span class='ocrx_word' id='word_1_78' title='bbox 447 1522 615 1562; x_wconf 86' lang='lat' dir='ltr'>seclum.</span> 
     </span>
    </p>

    <p class='ocr_par' dir='ltr' id='par_1_10' title="bbox 112 1580 911 1793">
     <span class='ocr_line' id='line_1_22' title="bbox 169 1580 911 1625; baseline 0 -5"><span class='ocrx_word' id='word_1_79' title='bbox 169 1580 298 1620; x_wconf 87' lang='lat' dir='ltr'>Vnde</span> <span class='ocrx_word' id='word_1_80' title='bbox 325 1594 403 1620; x_wconf 91' lang='lat' dir='ltr'>nec</span> <span class='ocrx_word' id='word_1_81' title='bbox 433 1586 632 1625; x_wconf 88' lang='lat' dir='ltr'>mortem,</span> <span class='ocrx_word' id='word_1_82' title='bbox 657 1594 736 1620; x_wconf 89' lang='lat' dir='ltr'>nec</span> <span class='ocrx_word' id='word_1_83' title='bbox 769 1582 911 1620; x_wconf 88' lang='lat' dir='ltr'>amica</span> 
     </span>
     <span class='ocr_line' id='line_1_23' title="bbox 112 1637 911 1691; baseline 0 -14"><span class='ocrx_word' id='word_1_84' title='bbox 112 1638 264 1677; x_wconf 89' lang='lat' dir='ltr'>mortis</span> <span class='ocrx_word' id='word_1_85' title='bbox 309 1637 439 1678; x_wconf 82' lang='lat' dir='ltr'>Saeua</span> <span class='ocrx_word' id='word_1_86' title='bbox 476 1652 707 1691; x_wconf 83' lang='lat' dir='ltr'>poenarum</span> <span class='ocrx_word' id='word_1_87' title='bbox 752 1652 911 1690; x_wconf 88' lang='lat' dir='ltr'>genera</span> 
     </span>
     <span class='ocr_line' id='line_1_24' title="bbox 112 1695 910 1748; baseline 0.003 -14"><span class='ocrx_word' id='word_1_88' title='bbox 112 1695 359 1747; x_wconf 69' lang='lat' dir='ltr'>pauestens,</span> <span class='ocrx_word' id='word_1_89' title='bbox 383 1695 608 1748; x_wconf 74' lang='lat' dir='ltr'>Sanguine</span> <span class='ocrx_word' id='word_1_90' title='bbox 631 1695 721 1735; x_wconf 83' lang='lat' dir='ltr'>fuso</span> <span class='ocrx_word' id='word_1_91' title='bbox 752 1697 910 1736; x_wconf 89' lang='lat' dir='ltr'>meruit</span> 
     </span>
     <span class='ocr_line' id='line_1_25' title="bbox 113 1752 652 1793; baseline 0 -1"><span class='ocrx_word' id='word_1_92' title='bbox 113 1753 274 1792; x_wconf 89' lang='lat' dir='ltr'>secreta</span> <span class='ocrx_word' id='word_1_93' title='bbox 297 1752 519 1793; x_wconf 77' lang='lat' dir='ltr'>Scandere</span> <span class='ocrx_word' id='word_1_94' title='bbox 542 1754 652 1793; x_wconf 88' lang='lat' dir='ltr'>coeli.</span> 
     </span>
    </p>

    <p class='ocr_par' dir='ltr' id='par_1_11' title="bbox 113 1810 910 2037">
     <span class='ocr_line' id='line_1_26' title="bbox 173 1810 910 1851; baseline 0 -1"><span class='ocrx_word' id='word_1_95' title='bbox 173 1811 319 1850; x_wconf 87' lang='lat' dir='ltr'>Huius</span> <span class='ocrx_word' id='word_1_96' title='bbox 342 1811 525 1851; x_wconf 85' lang='lat' dir='ltr'>obtentu</span> <span class='ocrx_word' id='word_1_97' title='bbox 549 1812 656 1851; x_wconf 88' lang='lat' dir='ltr'>deus</span> <span class='ocrx_word' id='word_1_98' title='bbox 679 1810 795 1851; x_wconf 87' lang='lat' dir='ltr'>alme</span> <span class='ocrx_word' id='word_1_99' title='bbox 818 1810 910 1851; x_wconf 92' lang='lat' dir='ltr'>nos-</span> 
     </span>
     <span class='ocr_line' id='line_1_27' title="bbox 113 1868 909 1921; baseline 0.001 -14"><span class='ocrx_word' id='word_1_100' title='bbox 113 1868 190 1908; x_wconf 84' lang='lat' dir='ltr'>tris</span> <span class='ocrx_word' id='word_1_101' title='bbox 236 1868 368 1908; x_wconf 86' lang='lat' dir='ltr'>Parce</span> <span class='ocrx_word' id='word_1_102' title='bbox 406 1869 492 1908; x_wconf 89' lang='lat' dir='ltr'>iam</span> <span class='ocrx_word' id='word_1_103' title='bbox 525 1868 664 1921; x_wconf 88' lang='lat' dir='ltr'>culpis</span> <span class='ocrx_word' id='word_1_104' title='bbox 707 1870 814 1908; x_wconf 85' lang='lat' dir='ltr'>vitia</span> <span class='ocrx_word' id='word_1_105' title='bbox 846 1883 909 1909; x_wconf 89' lang='lat' dir='ltr'>re·</span> 
     </span>
     <span class='ocr_line' id='line_1_28' title="bbox 114 1925 909 1979; baseline 0.001 -14"><span class='ocrx_word' id='word_1_106' title='bbox 114 1926 305 1974; x_wconf 81' lang='lat' dir='ltr'>mittens,</span> <span class='ocrx_word' id='word_1_107' title='bbox 325 1925 425 1979; x_wconf 78' lang='lat' dir='ltr'>Quo</span> <span class='ocrx_word' id='word_1_108' title='bbox 448 1926 527 1966; x_wconf 86' lang='lat' dir='ltr'>tibi</span> <span class='ocrx_word' id='word_1_109' title='bbox 545 1927 641 1979; x_wconf 90' lang='lat' dir='ltr'>puri</span> <span class='ocrx_word' id='word_1_110' title='bbox 659 1926 909 1966; x_wconf 78' lang='lat' dir='ltr'>resonemus</span> 
     </span>
     <span class='ocr_line' id='line_1_29' title="bbox 113 1981 745 2037; baseline 0.003 -15"><span class='ocrx_word' id='word_1_111' title='bbox 113 1983 279 2023; x_wconf 89' lang='lat' dir='ltr'>almum</span> <span class='ocrx_word' id='word_1_112' title='bbox 304 1981 495 2023; x_wconf 63' lang='lat' dir='ltr'>Pectoris</span> <span class='ocrx_word' id='word_1_113' title='bbox 518 1983 745 2037; x_wconf 90' lang='lat' dir='ltr'>hymnum.</span> 
     </span>
    </p>

    <p class='ocr_par' dir='ltr' id='par_1_12' title="bbox 113 2040 913 2266">
     <span class='ocr_line' id='line_1_30' title="bbox 173 2040 911 2095; baseline 0 -14"><span class='ocrx_word' id='word_1_114' title='bbox 173 2040 323 2081; x_wconf 81' lang='lat' dir='ltr'>Gloria</span> <span class='ocrx_word' id='word_1_115' title='bbox 349 2042 474 2094; x_wconf 86' lang='lat' dir='ltr'>patri,</span> <span class='ocrx_word' id='word_1_116' title='bbox 507 2042 757 2094; x_wconf 81' lang='lat' dir='ltr'>genitaeque</span> <span class='ocrx_word' id='word_1_117' title='bbox 788 2041 911 2095; x_wconf 87' lang='lat' dir='ltr'>proli,</span> 
     </span>
     <span class='ocr_line' id='line_1_31' title="bbox 115 2098 913 2152; baseline 0.003 -15"><span class='ocrx_word' id='word_1_118' title='bbox 115 2098 173 2138; x_wconf 89' lang='lat' dir='ltr'>Et</span> <span class='ocrx_word' id='word_1_119' title='bbox 195 2099 273 2138; x_wconf 88' lang='lat' dir='ltr'>tibi</span> <span class='ocrx_word' id='word_1_120' title='bbox 303 2112 483 2151; x_wconf 89' lang='lat' dir='ltr'>compar</span> <span class='ocrx_word' id='word_1_121' title='bbox 503 2099 722 2152; x_wconf 83' lang='lat' dir='ltr'>vtriusque</span> <span class='ocrx_word' id='word_1_122' title='bbox 744 2099 913 2151; x_wconf 87' lang='lat' dir='ltr'>semper</span> 
     </span>
     <span class='ocr_line' id='line_1_32' title="bbox 114 2156 911 2208; baseline -0.001 -11"><span class='ocrx_word' id='word_1_123' title='bbox 114 2156 303 2208; x_wconf 80' lang='lat' dir='ltr'>Spiritus</span> <span class='ocrx_word' id='word_1_124' title='bbox 336 2156 451 2196; x_wconf 89' lang='lat' dir='ltr'>alme</span> <span class='ocrx_word' id='word_1_125' title='bbox 492 2156 599 2196; x_wconf 83' lang='lat' dir='ltr'>deus</span> <span class='ocrx_word' id='word_1_126' title='bbox 640 2170 750 2197; x_wconf 85' lang='lat' dir='ltr'>vnus</span> <span class='ocrx_word' id='word_1_127' title='bbox 792 2157 911 2196; x_wconf 90' lang='lat' dir='ltr'>omni</span> 
     </span>
     <span class='ocr_line' id='line_1_33' title="bbox 113 2213 685 2266; baseline 0.002 -13"><span class='ocrx_word' id='word_1_128' title='bbox 113 2214 333 2266; x_wconf 86' lang='lat' dir='ltr'>Tempore</span> <span class='ocrx_word' id='word_1_129' title='bbox 356 2213 464 2255; x_wconf 90' lang='lat' dir='ltr'>secli.</span> <span class='ocrx_word' id='word_1_130' title='bbox 525 2214 685 2254; x_wconf 84' lang='lat' dir='ltr'>Amen.</span> 
     </span>
    </p>
   </div>
   <div class='ocr_carea' id='block_1_8' title="bbox 182 2351 850 2484">
    <p class='ocr_par' dir='ltr' id='par_1_13' title="bbox 182 2351 850 2484">
     <span class='ocr_line' id='line_1_34' title="bbox 182 2351 850 2405; baseline 0.001 -13"><span class='ocrx_word' id='word_1_131' title='bbox 182 2354 225 2398; x_wconf 60' lang='grc' dir='ltr'>Ἠ</span> <span class='ocrx_word' id='word_1_132' title='bbox 265 2351 300 2392; x_wconf 78' lang='lat' dir='ltr'><strong><em>S</em></strong></span> <span class='ocrx_word' id='word_1_133' title='bbox 305 2351 323 2391; x_wconf 86' lang='lat' dir='ltr'><em>i</em></span> <span class='ocrx_word' id='word_1_134' title='bbox 342 2352 488 2403; x_wconf 73' lang='lat' dir='ltr'>fuerit</span> <span class='ocrx_word' id='word_1_135' title='bbox 513 2352 637 2405; x_wconf 74' lang='lat' dir='ltr'><em>virgo</em></span> <span class='ocrx_word' id='word_1_136' title='bbox 673 2358 850 2404; x_wconf 66' lang='lat' dir='ltr'>martyr.</span> 
     </span>
     <span class='ocr_line' id='line_1_35' title="bbox 435 2442 597 2484; baseline 0.006 -1"><span class='ocrx_word' id='word_1_137' title='bbox 435 2442 597 2484; x_wconf 63' lang='lat' dir='ltr'>Oratio.</span> 
     </span>
    </p>
   </div>
   <div class='ocr_carea' id='block_1_9' title="bbox 116 2528 914 2867">
    <p class='ocr_par' dir='ltr' id='par_1_14' title="bbox 125 2528 913 2608">
     <span class='ocr_line' id='line_1_36' title="bbox 125 2528 913 2608; baseline 0.003 -40"><span class='ocrx_word' id='word_1_138' title='bbox 125 2528 490 2608; x_wconf 73' lang='lat' dir='ltr'>INdulgentiam</span> <span class='ocrx_word' id='word_1_139' title='bbox 518 2529 643 2569; x_wconf 83' lang='lat' dir='ltr'>nobis</span> <span class='ocrx_word' id='word_1_140' title='bbox 666 2530 913 2582; x_wconf 62' lang='lat' dir='ltr'>qua-:sumus</span> 
     </span>
    </p>

    <p class='ocr_par' dir='ltr' id='par_1_15' title="bbox 116 2586 914 2867">
     <span class='ocr_line' id='line_1_37' title="bbox 197 2586 914 2640; baseline 0.004 -15"><span class='ocrx_word' id='word_1_141' title='bbox 197 2586 375 2626; x_wconf 87' lang='lat' dir='ltr'>domine</span> <span class='ocrx_word' id='word_1_142' title='bbox 426 2587 556 2626; x_wconf 87' lang='lat' dir='ltr'>beata</span> <span class='ocrx_word' id='word_1_143' title='bbox 597 2588 662 2627; x_wconf 87' lang='lat' dir='ltr'>.N.</span> <span class='ocrx_word' id='word_1_144' title='bbox 707 2588 828 2640; x_wconf 79' lang='lat' dir='ltr'>virgo</span> <span class='ocrx_word' id='word_1_145' title='bbox 871 2594 914 2628; x_wconf 88' lang='lat' dir='ltr'>et</span> 
     </span>
     <span class='ocr_line' id='line_1_38' title="bbox 118 2643 913 2697; baseline 0.004 -15"><span class='ocrx_word' id='word_1_146' title='bbox 118 2649 284 2695; x_wconf 87' lang='lat' dir='ltr'>martyr</span> <span class='ocrx_word' id='word_1_147' title='bbox 310 2643 523 2696; x_wconf 76' lang='lat' dir='ltr'>imploret,</span> <span class='ocrx_word' id='word_1_148' title='bbox 547 2659 644 2697; x_wconf 78' lang='lat' dir='ltr'>quae</span> <span class='ocrx_word' id='word_1_149' title='bbox 678 2645 755 2685; x_wconf 84' lang='lat' dir='ltr'>tibi</span> <span class='ocrx_word' id='word_1_150' title='bbox 787 2651 913 2696; x_wconf 86' lang='lat' dir='ltr'>grata</span> 
     </span>
     <span class='ocr_line' id='line_1_39' title="bbox 118 2700 914 2753; baseline 0.004 -14"><span class='ocrx_word' id='word_1_151' title='bbox 118 2700 284 2753; x_wconf 86' lang='lat' dir='ltr'>semper</span> <span class='ocrx_word' id='word_1_152' title='bbox 324 2701 474 2741; x_wconf 79' lang='lat' dir='ltr'>extitit</span> <span class='ocrx_word' id='word_1_153' title='bbox 516 2708 559 2741; x_wconf 90' lang='lat' dir='ltr'>et</span> <span class='ocrx_word' id='word_1_154' title='bbox 602 2703 757 2742; x_wconf 88' lang='lat' dir='ltr'>merito</span> <span class='ocrx_word' id='word_1_155' title='bbox 792 2702 914 2742; x_wconf 77' lang='lat' dir='ltr'>casti-</span> 
     </span>
     <span class='ocr_line' id='line_1_40' title="bbox 117 2759 913 2811; baseline 0.003 -13"><span class='ocrx_word' id='word_1_156' title='bbox 117 2759 231 2807; x_wconf 84' lang='lat' dir='ltr'>tatis,</span> <span class='ocrx_word' id='word_1_157' title='bbox 254 2764 297 2798; x_wconf 89' lang='lat' dir='ltr'>et</span> <span class='ocrx_word' id='word_1_158' title='bbox 319 2765 406 2799; x_wconf 83' lang='lat' dir='ltr'>tuae</span> <span class='ocrx_word' id='word_1_159' title='bbox 433 2759 689 2811; x_wconf 77' lang='lat' dir='ltr'>professione</span> <span class='ocrx_word' id='word_1_160' title='bbox 711 2760 882 2800; x_wconf 87' lang='lat' dir='ltr'>virtutis</span> <span class='ocrx_word' id='word_1_161' title='bbox 906 2776 913 2800; x_wconf 71' lang='grc' dir='ltr'><strong><em>ς</em></strong></span> 
     </span>
     <span class='ocr_line' id='line_1_41' title="bbox 116 2829 202 2867; baseline 0.012 -12"><span class='ocrx_word' id='word_1_162' title='bbox 116 2829 202 2867; x_wconf 87' lang='lat' dir='ltr'>per.</span> 
     </span>
    </p>
   </div>
   <div class='ocr_carea' id='block_1_10' title="bbox 1047 120 1780 259">
    <p class='ocr_par' dir='ltr' id='par_1_16' title="bbox 1047 120 1780 259">
     <span class='ocr_line' id='line_1_42' title="bbox 1703 120 1780 170; baseline 0 -11"><span class='ocrx_word' id='word_1_163' title='bbox 1703 120 1780 170; x_wconf 86' lang='lat'>187</span> 
     </span>
     <span class='ocr_line' id='line_1_43' title="bbox 1047 205 1715 259; baseline 0.006 -15"><span class='ocrx_word' id='word_1_164' title='bbox 1047 207 1090 252; x_wconf 65' lang='grc' dir='ltr'>ΕΙ</span> <span class='ocrx_word' id='word_1_165' title='bbox 1128 205 1164 245; x_wconf 78' lang='lat' dir='ltr'><strong><em>S</em></strong></span> <span class='ocrx_word' id='word_1_166' title='bbox 1168 205 1186 245; x_wconf 87' lang='lat' dir='ltr'><em>i</em></span> <span class='ocrx_word' id='word_1_167' title='bbox 1202 206 1351 257; x_wconf 71' lang='lat' dir='ltr'>fuerit</span> <span class='ocrx_word' id='word_1_168' title='bbox 1380 206 1501 259; x_wconf 69' lang='lat' dir='ltr'><em>virgo</em></span> <span class='ocrx_word' id='word_1_169' title='bbox 1533 213 1715 249; x_wconf 73' lang='lat' dir='ltr'>tantum.</span> 
     </span>
    </p>
   </div>
   <div class='ocr_carea' id='block_1_11' title="bbox 1300 294 1462 336">
    <p class='ocr_par' dir='ltr' id='par_1_17' title="bbox 1300 294 1462 336">
     <span class='ocr_line' id='line_1_44' title="bbox 1300 294 1462 336; baseline 0.006 -1"><span class='ocrx_word' id='word_1_170' title='bbox 1300 294 1462 336; x_wconf 69' lang='lat' dir='ltr'>Oratio.</span> 
     </span>
    </p>
   </div>
   <div class='ocr_carea' id='block_1_12' title="bbox 980 368 1782 651">
    <p class='ocr_par' dir='ltr' id='par_1_18' title="bbox 1071 368 1780 410">
     <span class='ocr_line' id='line_1_45' title="bbox 1071 368 1780 410; baseline 0.003 -2"><span class='ocrx_word' id='word_1_171' title='bbox 1071 368 1220 409; x_wconf 87' lang='lat' dir='ltr'>Xaudi</span> <span class='ocrx_word' id='word_1_172' title='bbox 1282 383 1362 409; x_wconf 87' lang='lat' dir='ltr'>nos</span> <span class='ocrx_word' id='word_1_173' title='bbox 1419 370 1527 409; x_wconf 87' lang='lat' dir='ltr'>deus</span> <span class='ocrx_word' id='word_1_174' title='bbox 1583 370 1780 410; x_wconf 86' lang='lat' dir='ltr'>salutaris</span> 
     </span>
    </p>

    <p class='ocr_par' dir='ltr' id='par_1_19' title="bbox 980 426 1782 651">
     <span class='ocr_line' id='line_1_46' title="bbox 1099 426 1779 474; baseline 0.004 -9"><span class='ocrx_word' id='word_1_175' title='bbox 1099 426 1251 474; x_wconf 81' lang='lat' dir='ltr'>noster,</span> <span class='ocrx_word' id='word_1_176' title='bbox 1293 433 1339 466; x_wconf 90' lang='lat' dir='ltr'>vt</span> <span class='ocrx_word' id='word_1_177' title='bbox 1390 426 1494 467; x_wconf 86' lang='lat' dir='ltr'>ficut</span> <span class='ocrx_word' id='word_1_178' title='bbox 1539 428 1595 467; x_wconf 89' lang='lat' dir='ltr'>de</span> <span class='ocrx_word' id='word_1_179' title='bbox 1638 428 1779 468; x_wconf 76' lang='lat' dir='ltr'>beatae</span> 
     </span>
     <span class='ocr_line' id='line_1_47' title="bbox 981 483 1782 537; baseline 0.001 -13"><span class='ocrx_word' id='word_1_180' title='bbox 981 483 1047 524; x_wconf 89' lang='lat' dir='ltr'>.N.</span> <span class='ocrx_word' id='word_1_181' title='bbox 1077 483 1322 524; x_wconf 58' lang='lat' dir='ltr'>‘festiuitate</span> <span class='ocrx_word' id='word_1_182' title='bbox 1366 485 1610 537; x_wconf 79' lang='lat' dir='ltr'>gaudemus</span> <span class='ocrx_word' id='word_1_183' title='bbox 1663 501 1670 524; x_wconf 90' lang='lat'>:</span> <span class='ocrx_word' id='word_1_184' title='bbox 1722 486 1782 526; x_wconf 90' lang='lat' dir='ltr'>ita</span> 
     </span>
     <span class='ocr_line' id='line_1_48' title="bbox 980 541 1779 593; baseline 0.004 -14"><span class='ocrx_word' id='word_1_185' title='bbox 980 541 1064 593; x_wconf 87' lang='lat' dir='ltr'>piae</span> <span class='ocrx_word' id='word_1_186' title='bbox 1079 541 1328 582; x_wconf 90' lang='lat' dir='ltr'>deuotionis</span> <span class='ocrx_word' id='word_1_187' title='bbox 1343 543 1592 582; x_wconf 86' lang='lat' dir='ltr'>erudiamur</span> <span class='ocrx_word' id='word_1_188' title='bbox 1606 542 1779 583; x_wconf 57' lang='lat' dir='ltr'>affeffitu:</span> 
     </span>
     <span class='ocr_line' id='line_1_49' title="bbox 981 612 1066 651; baseline 0 -13"><span class='ocrx_word' id='word_1_189' title='bbox 981 612 1066 651; x_wconf 87' lang='lat' dir='ltr'>per.</span> 
     </span>
    </p>
   </div>
   <div class='ocr_carea' id='block_1_13' title="bbox 983 705 1784 1439">
    <p class='ocr_par' dir='ltr' id='par_1_20' title="bbox 983 705 1784 1439">
     <span class='ocr_line' id='line_1_50' title="bbox 983 705 1783 758; baseline 0.003 -13"><span class='ocrx_word' id='word_1_190' title='bbox 983 708 1027 753; x_wconf 64' lang='lat' dir='ltr'>G]</span> <span class='ocrx_word' id='word_1_191' title='bbox 1061 705 1115 745; x_wconf 85' lang='lat' dir='ltr'>ln</span> <span class='ocrx_word' id='word_1_192' title='bbox 1168 706 1364 746; x_wconf 80' lang='lat' dir='ltr'>omnibns</span> <span class='ocrx_word' id='word_1_193' title='bbox 1406 706 1604 758; x_wconf 73' lang='lat' dir='ltr'>sabbatis</span> <span class='ocrx_word' id='word_1_194' title='bbox 1654 707 1783 747; x_wconf 73' lang='lat' dir='ltr'>telins</span> 
     </span>
     <span class='ocr_line' id='line_1_51' title="bbox 1038 763 1781 817; baseline 0.004 -15"><span class='ocrx_word' id='word_1_195' title='bbox 1038 764 1149 803; x_wconf 83' lang='lat' dir='ltr'>anni</span> <span class='ocrx_word' id='word_1_196' title='bbox 1164 764 1229 817; x_wconf 74' lang='lat' dir='ltr'>fit</span> <span class='ocrx_word' id='word_1_197' title='bbox 1248 763 1430 816; x_wconf 79' lang='lat' dir='ltr'>officiani</span> <span class='ocrx_word' id='word_1_198' title='bbox 1461 765 1513 804; x_wconf 77' lang='lat' dir='ltr'>de</span> <span class='ocrx_word' id='word_1_199' title='bbox 1541 764 1660 804; x_wconf 75' lang='lat' dir='ltr'>beata</span> <span class='ocrx_word' id='word_1_200' title='bbox 1691 765 1781 805; x_wconf 76' lang='lat' dir='ltr'>vir-</span> 
     </span>
     <span class='ocr_line' id='line_1_52' title="bbox 1032 821 1782 875; baseline 0.003 -15"><span class='ocrx_word' id='word_1_201' title='bbox 1032 821 1139 874; x_wconf 76' lang='lat' dir='ltr'>gine</span> <span class='ocrx_word' id='word_1_202' title='bbox 1188 822 1308 861; x_wconf 76' lang='lat' dir='ltr'><em>niodo</em></span> <span class='ocrx_word' id='word_1_203' title='bbox 1359 822 1649 874; x_wconf 65' lang='lat' dir='ltr'>infrascripta,</span> <span class='ocrx_word' id='word_1_204' title='bbox 1702 823 1782 875; x_wconf 81' lang='lat' dir='ltr'><em>nisi</em></span> 
     </span>
     <span class='ocr_line' id='line_1_53' title="bbox 1030 879 1778 932; baseline 0.003 -14"><span class='ocrx_word' id='word_1_205' title='bbox 1030 879 1191 932; x_wconf 73' lang='lat' dir='ltr'>festam</span> <span class='ocrx_word' id='word_1_206' title='bbox 1233 885 1436 928; x_wconf 65' lang='lat' dir='ltr'>occurrat,</span> <span class='ocrx_word' id='word_1_207' title='bbox 1477 880 1648 931; x_wconf 71' lang='lat' dir='ltr'>exceptis</span> <span class='ocrx_word' id='word_1_208' title='bbox 1677 880 1778 931; x_wconf 82' lang='lat' dir='ltr'>sab-</span> 
     </span>
     <span class='ocr_line' id='line_1_54' title="bbox 1041 937 1780 989; baseline 0.001 -13"><span class='ocrx_word' id='word_1_209' title='bbox 1041 937 1135 976; x_wconf 78' lang='lat' dir='ltr'>bato</span> <span class='ocrx_word' id='word_1_210' title='bbox 1165 937 1328 988; x_wconf 58' lang='lat' dir='ltr'>sanc‘io,</span> <span class='ocrx_word' id='word_1_211' title='bbox 1358 944 1399 977; x_wconf 76' lang='lat' dir='ltr'>et</span> <span class='ocrx_word' id='word_1_212' title='bbox 1416 937 1613 989; x_wconf 70' lang='lat' dir='ltr'>stzbbatis</span> <span class='ocrx_word' id='word_1_213' title='bbox 1643 951 1780 977; x_wconf 67' lang='lat' dir='ltr'>Occar-</span> 
     </span>
     <span class='ocr_line' id='line_1_55' title="bbox 1042 994 1781 1046; baseline 0.001 -12"><span class='ocrx_word' id='word_1_214' title='bbox 1042 995 1232 1034; x_wconf 73' lang='lat' dir='ltr'>7‘enz‘ibas</span> <span class='ocrx_word' id='word_1_215' title='bbox 1260 995 1304 1034; x_wconf 90' lang='lat' dir='ltr'>in</span> <span class='ocrx_word' id='word_1_216' title='bbox 1299 994 1387 1046; x_wconf 69' lang='lat' dir='ltr'>fra</span> <span class='ocrx_word' id='word_1_217' title='bbox 1409 996 1580 1035; x_wconf 58' lang='lat' dir='ltr'>effaetas</span> <span class='ocrx_word' id='word_1_218' title='bbox 1601 995 1781 1035; x_wconf 80' lang='lat' dir='ltr'>Nalini-</span> 
     </span>
     <span class='ocr_line' id='line_1_56' title="bbox 1042 1052 1781 1105; baseline 0.001 -14"><span class='ocrx_word' id='word_1_219' title='bbox 1042 1052 1157 1101; x_wconf 74' lang='lat' dir='ltr'>tatis,</span> <span class='ocrx_word' id='word_1_220' title='bbox 1207 1052 1475 1105; x_wconf 51' lang='lat' dir='ltr'>Epiphania,</span> <span class='ocrx_word' id='word_1_221' title='bbox 1519 1053 1781 1104; x_wconf 55' lang='lat' dir='ltr'>Rcfitrreffi-</span> 
     </span>
     <span class='ocr_line' id='line_1_57' title="bbox 1040 1110 1784 1163; baseline 0.001 -14"><span class='ocrx_word' id='word_1_222' title='bbox 1040 1110 1145 1158; x_wconf 77' lang='lat' dir='ltr'>onis,</span> <span class='ocrx_word' id='word_1_223' title='bbox 1190 1110 1454 1163; x_wconf 72' lang='lat' dir='ltr'>Pentecostes,</span> <span class='ocrx_word' id='word_1_224' title='bbox 1496 1117 1536 1151; x_wconf 77' lang='lat' dir='ltr'>et</span> <span class='ocrx_word' id='word_1_225' title='bbox 1588 1110 1784 1163; x_wconf 56' lang='lat' dir='ltr'>Corporis</span> 
     </span>
     <span class='ocr_line' id='line_1_58' title="bbox 1044 1167 1782 1221; baseline -0.001 -13"><span class='ocrx_word' id='word_1_226' title='bbox 1044 1167 1213 1221; x_wconf 62' lang='lat' dir='ltr'>Christi,</span> <span class='ocrx_word' id='word_1_227' title='bbox 1246 1168 1479 1220; x_wconf 70' lang='lat' dir='ltr'>Excipitur</span> <span class='ocrx_word' id='word_1_228' title='bbox 1507 1168 1636 1208; x_wconf 75' lang='lat' dir='ltr'>etiam</span> <span class='ocrx_word' id='word_1_229' title='bbox 1673 1168 1782 1208; x_wconf 62' lang='lat' dir='ltr'>sab-</span> 
     </span>
     <span class='ocr_line' id='line_1_59' title="bbox 1041 1225 1781 1278; baseline 0 -13"><span class='ocrx_word' id='word_1_230' title='bbox 1041 1225 1185 1265; x_wconf 74' lang='lat' dir='ltr'>batam</span> <span class='ocrx_word' id='word_1_231' title='bbox 1218 1226 1264 1265; x_wconf 89' lang='lat' dir='ltr'>in</span> <span class='ocrx_word' id='word_1_232' title='bbox 1292 1240 1371 1278; x_wconf 80' lang='lat' dir='ltr'>qno</span> <span class='ocrx_word' id='word_1_233' title='bbox 1400 1225 1601 1266; x_wconf 67' lang='lat' dir='ltr'>inciderit</span> <span class='ocrx_word' id='word_1_234' title='bbox 1626 1226 1781 1278; x_wconf 62' lang='lat' dir='ltr'>vigilia</span> 
     </span>
     <span class='ocr_line' id='line_1_60' title="bbox 1041 1283 1781 1324; baseline 0.001 -2"><span class='ocrx_word' id='word_1_235' title='bbox 1041 1283 1310 1323; x_wconf 69' lang='lat' dir='ltr'>Narz&#39;uz&#39;tatz&#39;s</span> <span class='ocrx_word' id='word_1_236' title='bbox 1326 1283 1485 1323; x_wconf 76' lang='lat' dir='ltr'>Doniin</span> <span class='ocrx_word' id='word_1_237' title='bbox 1491 1284 1514 1323; x_wconf 88' lang='lat' dir='ltr'>i.</span> <span class='ocrx_word' id='word_1_238' title='bbox 1552 1284 1781 1324; x_wconf 68' lang='lat' dir='ltr'>Sciendum</span> 
     </span>
     <span class='ocr_line' id='line_1_61' title="bbox 1040 1341 1783 1394; baseline 0.001 -14"><span class='ocrx_word' id='word_1_239' title='bbox 1040 1341 1098 1393; x_wconf 72' lang='lat' dir='ltr'>cst</span> <span class='ocrx_word' id='word_1_240' title='bbox 1142 1347 1284 1381; x_wconf 67' lang='lat' dir='ltr'>alitem</span> <span class='ocrx_word' id='word_1_241' title='bbox 1335 1341 1450 1394; x_wconf 72' lang='lat' dir='ltr'>qnod</span> <span class='ocrx_word' id='word_1_242' title='bbox 1500 1342 1544 1381; x_wconf 87' lang='lat' dir='ltr'>in</span> <span class='ocrx_word' id='word_1_243' title='bbox 1592 1342 1783 1394; x_wconf 75' lang='lat' dir='ltr'>stngnlis</span> 
     </span>
     <span class='ocr_line' id='line_1_62' title="bbox 1038 1398 1781 1439; baseline 0 -2"><span class='ocrx_word' id='word_1_244' title='bbox 1038 1398 1156 1438; x_wconf 65' lang='lat' dir='ltr'>liaris</span> <span class='ocrx_word' id='word_1_245' title='bbox 1205 1399 1350 1439; x_wconf 76' lang='lat' dir='ltr'>omnia</span> <span class='ocrx_word' id='word_1_246' title='bbox 1400 1399 1605 1439; x_wconf 67' lang='lat' dir='ltr'>dicmilnn</span> <span class='ocrx_word' id='word_1_247' title='bbox 1649 1406 1697 1439; x_wconf 77' lang='lat' dir='ltr'>vt</span> <span class='ocrx_word' id='word_1_248' title='bbox 1736 1399 1781 1438; x_wconf 84' lang='lat' dir='ltr'>in</span> 
     </span>
    </p>
   </div>
   <div class='ocr_carea' id='block_1_14' title="bbox 981 1456 1781 1719">
    <p class='ocr_par' dir='ltr' id='par_1_21' title="bbox 1039 1456 1781 1509">
     <span class='ocr_line' id='line_1_63' title="bbox 1039 1456 1781 1509; baseline 0.001 -14"><span class='ocrx_word' id='word_1_249' title='bbox 1039 1456 1142 1508; x_wconf 78' lang='lat' dir='ltr'>alijs</span> <span class='ocrx_word' id='word_1_250' title='bbox 1201 1456 1356 1505; x_wconf 77' lang='lat' dir='ltr'>diebns,</span> <span class='ocrx_word' id='word_1_251' title='bbox 1417 1463 1580 1508; x_wconf 55' lang='lat' dir='ltr'>prater</span> <span class='ocrx_word' id='word_1_252' title='bbox 1639 1457 1781 1509; x_wconf 62' lang='lat' dir='ltr'>infra-</span> 
     </span>
    </p>

    <p class='ocr_par' dir='ltr' id='par_1_22' title="bbox 1028 1514 1204 1566">
     <span class='ocr_line' id='line_1_64' title="bbox 1028 1514 1204 1566; baseline 0.006 -13"><span class='ocrx_word' id='word_1_253' title='bbox 1028 1514 1204 1566; x_wconf 72' lang='lat' dir='ltr'>scl&#39;ipl‘a.</span> 
     </span>
    </p>

    <p class='ocr_par' dir='ltr' id='par_1_23' title="bbox 981 1621 1778 1719">
     <span class='ocr_line' id='line_1_65' title="bbox 981 1621 1778 1668; baseline 0 -7"><span class='ocrx_word' id='word_1_254' title='bbox 981 1624 1024 1668; x_wconf 65' lang='grc' dir='ltr'>ΕΙ</span> <span class='ocrx_word' id='word_1_255' title='bbox 1083 1621 1165 1661; x_wconf 77' lang='lat' dir='ltr'>Ad</span> <span class='ocrx_word' id='word_1_256' title='bbox 1224 1621 1488 1662; x_wconf 76' lang='lat' dir='ltr'>maz‘ntinmn</span> <span class='ocrx_word' id='word_1_257' title='bbox 1551 1621 1778 1662; x_wconf 69' lang='lat' dir='ltr'>innitaz‘or-</span> 
     </span>
     <span class='ocr_line' id='line_1_66' title="bbox 1331 1694 1431 1719; baseline 0 0"><span class='ocrx_word' id='word_1_258' title='bbox 1331 1694 1431 1719; x_wconf 76' lang='lat' dir='ltr'>inni.</span> 
     </span>
    </p>
   </div>
   <div class='ocr_carea' id='block_1_15' title="bbox 1079 1770 1777 1869">
    <p class='ocr_par' dir='ltr' id='par_1_24' title="bbox 996 1761 1777 1869">
     <span class='ocr_line' id='line_1_67' title="bbox 1115 1770 1777 1823; baseline -0.001 -12.152"><span class='ocrx_word' id='word_1_259' title='bbox 1004 1769 1183 1814; x_wconf 84' lang='lat' dir='ltr'>Ve</span> <span class='ocrx_word' id='word_1_260' title='bbox 1241 1771 1378 1810; x_wconf 89' lang='lat' dir='ltr'>maria</span> <span class='ocrx_word' id='word_1_261' title='bbox 1435 1771 1576 1823; x_wconf 87' lang='lat' dir='ltr'>gratia</span> <span class='ocrx_word' id='word_1_262' title='bbox 1638 1770 1777 1823; x_wconf 85' lang='lat' dir='ltr'>plena,</span> 
     </span>
     <span class='ocr_line' id='line_1_68' title="bbox 1079 1829 1528 1869; baseline 0 0"><span class='ocrx_word' id='word_1_263' title='bbox 1022 1829 1095 1855; x_wconf 77' lang='grc'>’·-’</span> <span class='ocrx_word' id='word_1_264' title='bbox 1143 1829 1348 1869; x_wconf 85' lang='lat' dir='ltr'>dominus</span> <span class='ocrx_word' id='word_1_265' title='bbox 1370 1834 1528 1869; x_wconf 86' lang='lat' dir='ltr'>tecum.</span> 
     </span>
    </p>
   </div>
   <div class='ocr_carea' id='block_1_16' title="bbox 980 1747 1111 1877">
    <p class='ocr_par' dir='ltr' id='par_1_25' title="bbox 980 1747 1111 1877">
     <span class='ocr_line' id='line_1_69' title="bbox 980 1747 1111 1877; baseline 0 1371"><span class='ocrx_word' id='word_1_266' title='bbox 980 1747 1111 1877; x_wconf 95' lang='lat' dir='ltr'> </span> 
     </span>
    </p>
   </div>
   <div class='ocr_carea' id='block_1_17' title="bbox 1124 1936 1635 1988">
    <p class='ocr_par' dir='ltr' id='par_1_26' title="bbox 1124 1936 1635 1988">
     <span class='ocr_line' id='line_1_70' title="bbox 1124 1936 1635 1988; baseline -0.002 -12"><span class='ocrx_word' id='word_1_267' title='bbox 1124 1936 1329 1988; x_wconf 66' lang='lat' dir='ltr'><em>Hymnus</em></span> <span class='ocrx_word' id='word_1_268' title='bbox 1360 1936 1405 1976; x_wconf 87' lang='lat' dir='ltr'>in</span> <span class='ocrx_word' id='word_1_269' title='bbox 1436 1936 1635 1976; x_wconf 66' lang='lat' dir='ltr'>aduentu.</span> 
     </span>
    </p>
   </div>
   <div class='ocr_carea' id='block_1_18' title="bbox 981 2009 1780 2867">
    <p class='ocr_par' dir='ltr' id='par_1_27' title="bbox 981 2009 1780 2224">
     <span class='ocr_line' id='line_1_71' title="bbox 984 2009 1780 2097; baseline -0.004 -46"><span class='ocrx_word' id='word_1_270' title='bbox 984 2010 1191 2097; x_wconf 79' lang='lat' dir='ltr'>OVem</span> <span class='ocrx_word' id='word_1_271' title='bbox 1234 2016 1359 2058; x_wconf 79' lang='lat' dir='ltr'>terra,</span> <span class='ocrx_word' id='word_1_272' title='bbox 1402 2016 1576 2062; x_wconf 79' lang='lat' dir='ltr'>pontuS,</span> <span class='ocrx_word' id='word_1_273' title='bbox 1615 2009 1780 2049; x_wconf 81' lang='lat' dir='ltr'>aethera</span> 
     </span>
     <span class='ocr_line' id='line_1_72' title="bbox 997 2067 1779 2119; baseline -0.003 -11"><span class='ocrx_word' id='word_1_274' title='bbox 997 2087 1064 2109; x_wconf 43' lang='lat' dir='ltr'><em>A</em></span> <span class='ocrx_word' id='word_1_275' title='bbox 1105 2067 1254 2108; x_wconf 90' lang='lat' dir='ltr'>colunt</span> <span class='ocrx_word' id='word_1_276' title='bbox 1290 2081 1297 2108; x_wconf 92' lang='lat'><strong>:</strong></span> <span class='ocrx_word' id='word_1_277' title='bbox 1339 2068 1526 2107; x_wconf 88' lang='lat' dir='ltr'>adorant</span> <span class='ocrx_word' id='word_1_278' title='bbox 1573 2080 1581 2107; x_wconf 71' lang='grc' dir='ltr'>ε</span> <span class='ocrx_word' id='word_1_279' title='bbox 1624 2067 1779 2119; x_wconf 68' lang='lat' dir='ltr'>praedi-</span> 
     </span>
     <span class='ocr_line' id='line_1_73' title="bbox 981 2124 1778 2177; baseline -0.001 -12"><span class='ocrx_word' id='word_1_280' title='bbox 981 2131 1082 2165; x_wconf 86' lang='lat' dir='ltr'>cant</span> <span class='ocrx_word' id='word_1_281' title='bbox 1124 2125 1306 2165; x_wconf 89' lang='lat' dir='ltr'>Trinam</span> <span class='ocrx_word' id='word_1_282' title='bbox 1349 2131 1573 2177; x_wconf 89' lang='lat' dir='ltr'>regentem</span> <span class='ocrx_word' id='word_1_283' title='bbox 1618 2124 1778 2164; x_wconf 79' lang='lat' dir='ltr'>machi-</span> 
     </span>
     <span class='ocr_line' id='line_1_74' title="bbox 983 2182 1734 2224; baseline -0.003 -1"><span class='ocrx_word' id='word_1_284' title='bbox 983 2197 1085 2223; x_wconf 88' lang='lat' dir='ltr'>nam</span> <span class='ocrx_word' id='word_1_285' title='bbox 1111 2182 1355 2224; x_wconf 87' lang='lat' dir='ltr'>Claustrum</span> <span class='ocrx_word' id='word_1_286' title='bbox 1380 2182 1533 2222; x_wconf 78' lang='lat' dir='ltr'>Mariae</span> <span class='ocrx_word' id='word_1_287' title='bbox 1556 2182 1734 2222; x_wconf 85' lang='lat' dir='ltr'>baiulat.</span> 
     </span>
    </p>

    <p class='ocr_par' dir='ltr' id='par_1_28' title="bbox 982 2239 1778 2409">
     <span class='ocr_line' id='line_1_75' title="bbox 1041 2239 1778 2288; baseline -0.004 -7"><span class='ocrx_word' id='word_1_288' title='bbox 1041 2241 1123 2282; x_wconf 90' lang='lat' dir='ltr'>Cui</span> <span class='ocrx_word' id='word_1_289' title='bbox 1156 2240 1270 2288; x_wconf 85' lang='lat' dir='ltr'>luna,</span> <span class='ocrx_word' id='word_1_290' title='bbox 1297 2240 1367 2288; x_wconf 89' lang='lat' dir='ltr'>sol,</span> <span class='ocrx_word' id='word_1_291' title='bbox 1390 2246 1433 2279; x_wconf 91' lang='lat' dir='ltr'>et</span> <span class='ocrx_word' id='word_1_292' title='bbox 1455 2240 1603 2279; x_wconf 92' lang='lat' dir='ltr'>omnia</span> <span class='ocrx_word' id='word_1_293' title='bbox 1626 2239 1778 2279; x_wconf 91' lang='lat' dir='ltr'>Deser-</span> 
     </span>
     <span class='ocr_line' id='line_1_76' title="bbox 983 2296 1777 2350; baseline -0.003 -12"><span class='ocrx_word' id='word_1_294' title='bbox 983 2299 1107 2338; x_wconf 88' lang='lat' dir='ltr'>uiunt</span> <span class='ocrx_word' id='word_1_295' title='bbox 1129 2312 1206 2350; x_wconf 90' lang='lat' dir='ltr'>per</span> <span class='ocrx_word' id='word_1_296' title='bbox 1227 2304 1427 2350; x_wconf 91' lang='lat' dir='ltr'>tempora</span> <span class='ocrx_word' id='word_1_297' title='bbox 1453 2311 1460 2337; x_wconf 70' lang='grc' dir='ltr'>ς</span> <span class='ocrx_word' id='word_1_298' title='bbox 1486 2296 1657 2337; x_wconf 85' lang='lat' dir='ltr'>Perfusa</span> <span class='ocrx_word' id='word_1_299' title='bbox 1679 2297 1777 2336; x_wconf 91' lang='lat' dir='ltr'>coeli</span> 
     </span>
     <span class='ocr_line' id='line_1_77' title="bbox 982 2354 1685 2409; baseline -0.003 -13"><span class='ocrx_word' id='word_1_300' title='bbox 982 2357 1123 2409; x_wconf 88' lang='lat' dir='ltr'>gratia</span> <span class='ocrx_word' id='word_1_301' title='bbox 1144 2355 1314 2409; x_wconf 87' lang='lat' dir='ltr'>gestant</span> <span class='ocrx_word' id='word_1_302' title='bbox 1337 2354 1493 2407; x_wconf 76' lang='lat' dir='ltr'>puellae</span> <span class='ocrx_word' id='word_1_303' title='bbox 1515 2354 1685 2395; x_wconf 86' lang='lat' dir='ltr'>viscera.</span> 
     </span>
    </p>

    <p class='ocr_par' dir='ltr' id='par_1_29' title="bbox 982 2412 1777 2626">
     <span class='ocr_line' id='line_1_78' title="bbox 1042 2412 1777 2460; baseline -0.001 -7"><span class='ocrx_word' id='word_1_304' title='bbox 1042 2414 1180 2453; x_wconf 87' lang='lat' dir='ltr'>Beata</span> <span class='ocrx_word' id='word_1_305' title='bbox 1232 2419 1373 2452; x_wconf 90' lang='lat' dir='ltr'>mater</span> <span class='ocrx_word' id='word_1_306' title='bbox 1423 2426 1613 2460; x_wconf 89' lang='lat' dir='ltr'>munere,</span> <span class='ocrx_word' id='word_1_307' title='bbox 1656 2412 1777 2452; x_wconf 85' lang='lat' dir='ltr'>cuius</span> 
     </span>
     <span class='ocr_line' id='line_1_79' title="bbox 983 2469 1776 2523; baseline -0.003 -12"><span class='ocrx_word' id='word_1_308' title='bbox 983 2471 1190 2523; x_wconf 87' lang='lat' dir='ltr'>supernus</span> <span class='ocrx_word' id='word_1_309' title='bbox 1232 2469 1403 2518; x_wconf 79' lang='lat' dir='ltr'>artifex,</span> <span class='ocrx_word' id='word_1_310' title='bbox 1447 2470 1665 2509; x_wconf 89' lang='lat' dir='ltr'>Mundum</span> <span class='ocrx_word' id='word_1_311' title='bbox 1699 2483 1776 2522; x_wconf 90' lang='lat' dir='ltr'>pu-</span> 
     </span>
     <span class='ocr_line' id='line_1_80' title="bbox 982 2526 1776 2581; baseline -0.001 -13"><span class='ocrx_word' id='word_1_312' title='bbox 982 2529 1087 2581; x_wconf 87' lang='lat' dir='ltr'>gillo</span> <span class='ocrx_word' id='word_1_313' title='bbox 1110 2526 1369 2576; x_wconf 84' lang='lat' dir='ltr'>eontinens¹,</span> <span class='ocrx_word' id='word_1_314' title='bbox 1387 2527 1565 2568; x_wconf 81' lang='lat' dir='ltr'>Ventris</span> <span class='ocrx_word' id='word_1_315' title='bbox 1585 2527 1659 2567; x_wconf 86' lang='lat' dir='ltr'>sub</span> <span class='ocrx_word' id='word_1_316' title='bbox 1678 2541 1776 2567; x_wconf 86' lang='lat' dir='ltr'>arca</span> 
     </span>
     <span class='ocr_line' id='line_1_81' title="bbox 982 2585 1241 2626; baseline -0.004 0"><span class='ocrx_word' id='word_1_317' title='bbox 982 2586 1149 2626; x_wconf 82' lang='lat' dir='ltr'>clausus</span> <span class='ocrx_word' id='word_1_318' title='bbox 1172 2585 1241 2625; x_wconf 86' lang='lat' dir='ltr'>est.</span> 
     </span>
    </p>

    <p class='ocr_par' dir='ltr' id='par_1_30' title="bbox 982 2642 1777 2810">
     <span class='ocr_line' id='line_1_82' title="bbox 1042 2642 1777 2692; baseline -0.001 -9"><span class='ocrx_word' id='word_1_319' title='bbox 1042 2645 1179 2683; x_wconf 77' lang='lat' dir='ltr'>Beata</span> <span class='ocrx_word' id='word_1_320' title='bbox 1216 2643 1313 2682; x_wconf 87' lang='lat' dir='ltr'>coeli</span> <span class='ocrx_word' id='word_1_321' title='bbox 1347 2643 1517 2692; x_wconf 87' lang='lat' dir='ltr'>nuncio,</span> <span class='ocrx_word' id='word_1_322' title='bbox 1552 2642 1777 2682; x_wconf 75' lang='lat' dir='ltr'>Foecunda</span> 
     </span>
     <span class='ocr_line' id='line_1_83' title="bbox 982 2700 1776 2753; baseline -0.003 -12"><span class='ocrx_word' id='word_1_323' title='bbox 982 2700 1129 2741; x_wconf 70' lang='lat' dir='ltr'>saneto</span> <span class='ocrx_word' id='word_1_324' title='bbox 1145 2701 1303 2753; x_wconf 81' lang='lat' dir='ltr'>spiritu,</span> <span class='ocrx_word' id='word_1_325' title='bbox 1324 2700 1619 2752; x_wconf 83' lang='lat' dir='ltr'>Desyderatus</span> <span class='ocrx_word' id='word_1_326' title='bbox 1637 2700 1776 2752; x_wconf 81' lang='lat' dir='ltr'>genti-</span> 
     </span>
     <span class='ocr_line' id='line_1_84' title="bbox 982 2757 1719 2810; baseline -0.004 -11"><span class='ocrx_word' id='word_1_327' title='bbox 982 2760 1063 2799; x_wconf 83' lang='lat' dir='ltr'>bus</span> <span class='ocrx_word' id='word_1_328' title='bbox 1088 2759 1220 2799; x_wconf 86' lang='lat' dir='ltr'>Cuius</span> <span class='ocrx_word' id='word_1_329' title='bbox 1243 2772 1318 2810; x_wconf 89' lang='lat' dir='ltr'>per</span> <span class='ocrx_word' id='word_1_330' title='bbox 1340 2757 1489 2797; x_wconf 87' lang='lat' dir='ltr'>aluum</span> <span class='ocrx_word' id='word_1_331' title='bbox 1513 2757 1625 2796; x_wconf 85' lang='lat' dir='ltr'>fusus</span> <span class='ocrx_word' id='word_1_332' title='bbox 1649 2757 1719 2796; x_wconf 82' lang='lat' dir='ltr'>est.</span> 
     </span>
    </p>

    <p class='ocr_par' dir='ltr' id='par_1_31' title="bbox 1042 2815 1778 2867">
     <span class='ocr_line' id='line_1_85' title="bbox 1042 2815 1778 2867; baseline -0.003 -12"><span class='ocrx_word' id='word_1_333' title='bbox 1042 2816 1183 2855; x_wconf 88' lang='lat' dir='ltr'>Maria</span> <span class='ocrx_word' id='word_1_334' title='bbox 1237 2822 1376 2855; x_wconf 84' lang='lat' dir='ltr'>mater</span> <span class='ocrx_word' id='word_1_335' title='bbox 1427 2816 1591 2867; x_wconf 72' lang='lat' dir='ltr'>gratiae,</span> <span class='ocrx_word' id='word_1_336' title='bbox 1635 2815 1778 2854; x_wconf 83' lang='lat' dir='ltr'>Mater</span> 
     </span>
    </p>
   </div>
   <div class='ocr_carea' id='block_1_19' title="bbox 754 2928 1139 2963">
    <p class='ocr_par' dir='ltr' id='par_1_32' title="bbox 754 2928 1139 2963">
     <span class='ocr_line' id='line_1_86' title="bbox 754 2928 1139 2963; baseline -0.008 0"><span class='ocrx_word' id='word_1_337' title='bbox 754 2929 761 2949; x_wconf 92' lang='lat'>¹</span> <span class='ocrx_word' id='word_1_338' title='bbox 791 2929 987 2963; x_wconf 73' lang='lat' dir='ltr'>conuersus</span> <span class='ocrx_word' id='word_1_339' title='bbox 1009 2941 1013 2962; x_wconf 91' lang='lat'>:</span> <span class='ocrx_word' id='word_1_340' title='bbox 1044 2929 1080 2961; x_wconf 84' lang='lat' dir='ltr'>l&#39;.</span> <span class='ocrx_word' id='word_1_341' title='bbox 1099 2928 1139 2961; x_wconf 71' lang='lat' dir='ltr'>A.</span> 
     </span>
    </p>
   </div>
  </div>
 </body>
</html>
