1981 3248
880 119 1069 151 JUA'JCS.

135 193 271 234 caesus
303 193 374 244 est,
396 195 536 235 donec
559 194 753 248 spiritum
784 194 934 244 emisit,

137 251 353 291 Protasius
386 266 488 292 vero
525 252 707 292 fustibus
744 253 935 305 primum

135 308 356 349 saeuissime
410 309 662 350 verberatus
717 310 936 363 postremo

135 367 280 418 capite
330 372 557 407 truncatus
601 367 671 407 est.
735 367 934 420 Quorum

135 436 318 475 corpora
342 424 570 477 Philippus
588 425 768 477 quidam
791 425 856 465 vir
872 439 934 464 re-

136 480 311 533 ligiosus
341 495 391 521 ac
420 483 517 535 pius
546 482 659 522 clam
688 482 864 528 sustulit,
891 488 935 522 et

136 537 180 577 in
212 539 388 591 propria
418 540 553 579 domo
579 539 785 593 sepeliuit.
846 540 934 580 Vbi

134 609 234 635 cum
262 597 336 636 diu
369 596 599 645 latuissent,
622 597 678 637 ab
700 597 934 637 Ambrosio

135 653 339 706 episcopo
376 654 686 695 mediolanensi
723 655 933 705 diuinitus

134 711 364 751 admonito
398 712 577 752 inuenta
609 712 716 762 sunt,
754 719 798 753 et
834 726 933 753 cum

135 782 298 821 magna
349 769 502 822 populi
553 771 834 810 veneratione
889 771 932 810 in

132 825 423 866 honestissimo
456 834 499 867 et
531 827 648 867 sacro
681 827 778 868 loco
810 841 933 880 repo-

134 883 223 925 sita.
285 884 390 924 Pasfi
434 885 530 925 sunt
571 891 719 925 autem
763 886 933 926 Medio-

132 940 221 981 lani
244 941 347 994 xiij.
371 942 580 983 calendas
604 943 703 996 Iulij
715 941 737 983 ¹.

132 1048 177 1093 ΕΙ
209 1044 443 1086 Natius'tas
498 1046 679 1087 Ioannis
734 1046 938 1100 Baptistce

189 1103 344 1156 duplex
391 1104 544 1144 maius.
596 1103 656 1145 ²et
701 1105 826 1145 habet
873 1119 934 1144 oc-

191 1167 340 1201 laztam
372 1162 497 1214 vsqne
528 1161 592 1201 ad
617 1162 779 1215 festum
808 1162 938 1260 saZc}

906 1237 919 1259 ί

190 1225 332 1259 lorum
373 1219 503 1259 Petri
542 1226 585 1259 et
628 1219 796 1260 Panl2'2.

189 1276 379 1329 vesperas
399 1277 613 1329 Hymnus.

132 1345 260 1427 VT
282 1352 448 1398 queant
470 1345 583 1386 laxis
602 1345 800 1386 resonare
816 1346 934 1387 fibris

253 1403 369 1443 Mira
399 1403 618 1456 gestorum
651 1404 804 1444 famuli
837 1410 934 1444 tuo-

132 1473 241 1507 rum,
274 1460 407 1501 Solue
440 1461 597 1513 polluti
626 1461 729 1514 labij
764 1468 933 1502 reatum

133 1516 297 1558 Sancte
321 1519 521 1559 Ioannes.

191 1576 389 1615 Nuncius
413 1576 523 1616 celso
541 1576 721 1616 veniens
739 1576 934 1630 olympo,

131 1632 197 1673 Te
248 1634 361 1686 patri
409 1647 620 1687 magnum
667 1634 758 1674 fore
800 1635 934 1675 nasci-

131 1696 277 1731 turum
320 1706 328 1731 z
367 1691 541 1731 Nomen
575 1697 618 1732 et
648 1693 750 1732 Vitae
783 1692 932 1733 seriem

129 1749 334 1801 gerendae
359 1749 525 1790 Ordine
547 1750 720 1802 promit.

190 1806 270 1846 Ille
316 1807 504 1859 promissi
547 1807 705 1847 dubius
747 1807 931 1860 superni,

132 1862 327 1904 Perdidit
368 1870 587 1917 promptae
626 1865 828 1905 modulos
870 1865 933 1905 lo-

130 1921 284 1974 quelae,
331 1921 419 1962 Sed
472 1922 711 1962 reformasti
757 1923 932 1976 genitus

130 1984 373 2032 peremptae
397 1979 577 2032 Organa
599 1980 728 2020 vocis.

189 2036 367 2077 Ventris
390 2036 602 2077 obstruso3
624 2037 837 2078 recubans
860 2052 931 2078 cu-

129 2093 218 2142 bili,
270 2094 473 2135 Senseras
526 2109 673 2148 regem
734 2095 931 2136 thalamo

132 2158 398 2200 manentem,
452 2153 570 2192 Hinc
631 2166 788 2205 parens
839 2154 931 2194 nati

132 2209 297 2249 meritis
319 2216 500 2262 vterque
522 2210 694 2250 Abdita
716 2211 882 2262 pandit.

190 2266 339 2307 Gloria
362 2267 488 2319 patri,
510 2268 760 2320 genitaeque
789 2268 898 2320 proli
924 2283 932 2308 :

132 2324 191 2364 Et
213 2324 292 2364 tibi
323 2338 504 2376 compar
524 2324 744 2377 Vtriusque
765 2325 933 2378 semper

131 2381 321 2434 Spiritus
359 2382 474 2421 alme
510 2382 616 2422 deus
657 2396 769 2423 vnus
810 2383 931 2423 omni

131 2439 353 2492 Tempore
377 2439 484 2480 secli.
545 2439 707 2480 Amen.

448 2533 538 2575 Ora
543 2534 613 2575 tio.

126 2608 311 2690 DEus,
334 2609 407 2672 qui
431 2609 688 2674 praesentem
711 2609 827 2674 diem
851 2608 928 2675 ho·-

238 2666 480 2707 norabilem
531 2668 657 2708 nobis
709 2681 751 2707 1n
809 2667 926 2708 beati

196 2783 207 2805 ¹
238 2784 331 2828 Iunij
358 2785 426 2819 :A.

195 2830 246 2851 2'2
271 2843 339 2865 om.
362 2832 403 2865 R.
423 2833 458 2866 P.
476 2833 518 2867 A.

195 2877 207 2898 3
233 2878 379 2911 obtruso
405 2880 473 2912 2A.

196 2923 206 2944 ⁴
233 2924 292 2958 (lic
312 2934 364 2966 24.
386 2926 425 2958 in
446 2937 490 2959 m.

1729 116 1803 159 135

1006 195 1186 235 Ioannis
1239 196 1471 236 natiuitate
1522 197 1653 237 fecisti
1701 214 1709 238 :
1750 199 1807 238 da

1003 252 1179 305 populis
1201 254 1286 293 tuis
1310 253 1595 306 spiritualium
1618 255 1805 307 gratiam

1003 311 1265 362 gaudiorum
1291 326 1299 351 :
1324 317 1367 351 et
1389 311 1587 351 omnium
1611 312 1805 353 fidelium

1004 374 1174 408 mentes
1224 369 1364 421 dirige
1415 369 1457 408 in
1499 369 1616 409 viam
1658 369 1806 410 salutis

1003 431 1180 465 aeternae
1205 441 1213 466 :
1235 440 1326 479 per.

1003 545 1047 590 11
1080 543 1162 583 Ad
1179 543 1444 585 mmlutz'mtm
1469 544 1806 587 2'722t2'2‘at07'2'217724.

1062 626 1232 679 Regem
1266 628 1540 680 praecursoris
1573 629 1804 670 dominum

1001 684 1147 724 venite
1170 685 1416 726 adoremus.

1295 787 1510 840 Hwnnus.

1068 867 1180 907 Ntra
1202 867 1358 908 deserti
1387 868 1549 908 teneris
1572 867 1647 908 sub
1679 869 1805 909 annis

1118 925 1295 966 Ciuiurn
1327 932 1494 965 turmas
1526 925 1698 978 fugiens
1731 940 1806 979 pe-

1001 982 1087 1022 tisti
1122 998 1129 1023 :
1162 983 1232 1023 Ne
1267 982 1353 1023 leui
1391 983 1543 1023 saltem
1586 983 1805 1024 maculare

1003 1040 1138 1080 vitam
1164 1041 1347 1081 Famine
1369 1041 1520 1093 posses,

1062 1098 1255 1139 Praebuit
1290 1098 1454 1139 hirtum
1497 1098 1691 1151 tegimen
1734 1113 1805 1139 ca-

1003 1155 1154 1205 melus,
1185 1155 1386 1196 Artubus
1413 1156 1541 1196 sacris
1564 1156 1802 1209 strophium

1002 1213 1204 1254 bidentes
1252 1229 1260 1253 :
1305 1214 1385 1254 Cui
1427 1213 1549 1254 latex
1589 1213 1805 1265 haustum,

1003 1271 1164 1311 sociata
1186 1271 1356 1324 pastum
1381 1272 1518 1311 Mella
1540 1271 1725 1313 locustiS.

1062 1328 1221 1369 Caeteri
1244 1335 1417 1369 tantum
1441 1329 1636 1369 cecinere
1652 1335 1803 1370 vatum

1003 1386 1148 1427 Corde
1171 1387 1351 1439 presago
1379 1386 1503 1426 iubar
1534 1387 1771 1427 affuturum
1796 1403 1804 1427 :

1003 1444 1072 1483 Tu
1107 1444 1286 1496 quidem
1325 1444 1477 1484 mundi
1516 1444 1650 1484 scelus
1687 1445 1805 1485 aufe-

1002 1508 1170 1541 rentem
1196 1502 1348 1542 Indice
1370 1502 1530 1555 prodis.

1062 1560 1165 1599 Non
1217 1560 1298 1599 fuit
1348 1559 1454 1600 vasti
1498 1559 1683 1612 spatium
1727 1574 1804 1612 per

1002 1617 1118 1657 orbis
1144 1616 1348 1658 SanEtior
1369 1617 1596 1670 quisquam
1627 1618 1803 1670 genitus

1005 1674 1172 1715 Ioanne
1205 1690 1212 1715 :
1246 1675 1332 1727 Qui
1366 1675 1489 1714 nefas
1520 1675 1617 1714 secli
1645 1676 1802 1715 meruit

1002 1731 1226 1772 lauantem
1248 1732 1439 1784 Tingere
1460 1732 1647 1785 limphis.

1060 1789 1210 1830 Gloria
1232 1789 1377 1843 patri⁵.

1259 1898 1295 1938 L
1303 1898 1405 1939 avio
1437 1896 1534 1951 ,2‘2‘J‘⁶.

1073 1977 1290 2018 Acharias
1323 1976 1532 2025 sacerdos,
1558 1977 1624 2017 vir
1654 1977 1800 2027 iustus,

1102 2042 1146 2076 et
1178 2036 1353 2088 egregia
1385 2036 1427 2074 in
1460 2036 1591 2075 deum
1624 2035 1801 2088 pietate,

999 2107 1186 2133 vxorem
1214 2093 1369 2133 habuit
1394 2092 1619 2133 Elisabeth
1648 2106 1799 2145 parem

1001 2150 1075 2190 fibi
1098 2157 1141 2191 et
1163 2150 1357 2190 moribus
1390 2156 1433 2190 et
1456 2148 1698 2200 sanctitate,
1722 2150 1801 2190 ste-

1001 2208 1124 2248 rilem
1153 2214 1314 2248 tamen.
1378 2208 1535 2260 Itaque
1557 2208 1643 2247 iam
1667 2207 1799 2247 ambo

1001 2265 1121 2305 senes
1173 2266 1216 2305 in
1260 2265 1449 2305 orbitate
1491 2278 1589 2305 cum
1634 2279 1799 2317 magno

1001 2322 1187 2363 filiorum
1206 2323 1433 2375 desyderio
1448 2322 1681 2374 degebant.
1708 2323 1797 2364 Sed

1000 2394 1100 2420 cum
1123 2380 1345 2420 zacharias
1374 2386 1573 2432 tempore
1606 2380 1798 2420 Herodis

1002 2438 1165 2478 Iudaeae
1199 2438 1311 2490 regis
1343 2437 1559 2490 templum
1591 2437 1798 2490 ingressus

1000 2495 1056 2535 ad
1099 2495 1427 2535 sacrificandum
1468 2495 1689 2535 incensum
1721 2509 1797 2548 ap-

999 2559 1196 2606 poneret,
1227 2553 1433 2605 apparuit
1459 2552 1497 2592 ei
1528 2552 1711 2604 angelus
1740 2554 1795 2593 ad

998 2611 1230 2650 dexteram
1264 2610 1411 2650 altaris
1444 2609 1720 2662 turbatoque,
1753 2617 1797 2650 et

997 2668 1170 2708 timenti
1193 2668 1264 2708 ait.
1313 2667 1382 2707 Ne
1405 2667 1562 2708 timeas
1585 2668 1797 2716 zacharia,

1067 2784 1080 2806 ⁵
1107 2784 1279 2829 vlsupra
1297 2797 1310 2820 .·
1326 2784 1408 2818 add.
1429 2785 1466 2818 P.
1510 2788 1553 2818 vl
1568 2785 1672 2829 [nfra
1686 2796 1698 2818 .·
1712 2785 1795 2818 (zali.

998 2833 1038 2867 A.
1061 2831 1162 2876 [vide
1179 2832 1390 2866 columnam
1404 2830 1599 2875 priorem]

1067 2879 1079 2897 ’ἱ
1106 2878 1164 2913 dic
1186 2888 1237 2920 24.
1260 2879 1298 2912 in
1318 2890 1365 2913 m.
1386 2880 1428 2912 V.
1457 2878 1663 2923 dupll'cl'lcr.
