1981 3248
809 136 869 168 OC
875 136 907 167 T
906 135 1045 167 OBER.

87 221 377 256 mercaturam
411 214 678 263 exercuisset,
705 227 792 254 non
824 219 888 254 ta-

87 288 188 313 men
211 273 320 325 abijt
343 273 437 326 post
459 286 625 320 aurum,
642 286 722 312 nec
746 271 886 324 spera-

86 332 151 371 uit
177 332 219 371 in
248 331 445 384 pecuniae
468 330 689 378 thesauris,
713 329 801 370 Sed
828 329 884 369 ad

87 389 305 429 Christum
323 388 566 437 conuersus,
585 401 684 427 cum
703 387 886 427 audisset

86 446 130 486 in
183 444 358 487 ecclesia
410 446 516 485 illud
569 445 884 497 euangelicum,

87 503 176 556 Qui
209 517 296 544 non
326 503 641 543 renuntiauerit
667 502 882 550 omnibus,

86 575 184 614 quae
236 562 429 614 possidet,
474 574 560 600 non
610 559 751 612 potest
801 559 884 599 esse

86 617 228 659 meus¹
251 619 495 672 discipulus,
518 616 677 658 cun&a
706 631 804 670 quae
828 617 883 657 ad

86 691 267 717 manum
300 677 465 725 habuit,
496 675 761 728 pauperibus
791 689 883 714 ero-

83 735 220 787 gauit.
251 741 410 775 caetera
441 734 553 786 patri
583 733 668 781 suo,
698 732 883 784 idipsum

84 791 616 845 postulanti‚haereditario
631 791 720 830 iure
736 803 883 830 coram

84 850 287 903 episcopo
337 850 530 890 tradidit.
612 848 786 888 Deinde
836 853 884 887 vt

85 922 283 948 normam
308 907 565 960 sequeretur,
588 919 722 959 quam
745 905 885 945 Chris-

83 972 154 1006 tus
177 966 300 1006 dedit
321 964 538 1018 apostolis,
557 964 662 1004 dum
687 977 760 1003 eos
783 963 883 1003 mit-

82 1029 195 1064 teret
217 1024 271 1063 ad
290 1022 638 1077 praedicandum,
656 1021 882 1061 distributa

84 1081 281 1134 pecunia,
323 1080 623 1121 calceamenta
670 1079 881 1131 deposuit,

86 1145 129 1179 et
169 1140 297 1179 vnica
347 1144 582 1178 contentus
631 1137 790 1185 tunica,
832 1142 882 1176 vt

83 1202 299 1250 quatenus
321 1196 480 1244 liceret,
498 1195 714 1236 Christum
738 1194 881 1234 imita-

84 1262 212 1302 retur,
227 1255 459 1294 duodecim
478 1253 551 1292 fibi
570 1253 704 1293 socios
719 1252 880 1292 asciuit.

84 1313 238 1365 Atque
279 1312 335 1352 ad
378 1311 707 1351 aemulationem
750 1323 881 1349 euan-

84 1370 236 1423 gelicae
259 1368 551 1423 perfecfftionis,
566 1369 764 1408 ordinem
788 1381 882 1407 mo-

86 1428 310 1477 nasticum,
333 1428 407 1480 qui
438 1427 654 1466 minorum
685 1424 881 1478 appella-

82 1492 154 1526 tur
190 1486 381 1526 instituit.
445 1485 725 1535 Romamque
762 1482 882 1523 venit

84 1544 197 1584 circa
248 1557 411 1583 annum
469 1541 494 1581 a
552 1541 720 1582 Christo
777 1546 882 1580 nato

84 1602 307 1642 .M.cc.viii.
364 1614 495 1654 quem
551 1612 668 1652 papa
722 1598 882 1638 vifione

84 1660 234 1699 diuina
270 1658 555 1712 praemonitus
592 1656 781 1708 benigne
818 1669 881 1695 re-

82 1718 211 1770 cepit,
240 1716 536 1770 regulamque,
565 1721 607 1754 et
637 1714 880 1753 institutum

83 1776 139 1815 ab
162 1790 212 1816 eo
231 1774 406 1815 viuendi
429 1773 627 1813 ordinem
651 1770 882 1811 confirma-

83 1834 157 1874 uit.
201 1833 391 1873 Dimisfis
413 1845 518 1884 ergo
540 1843 718 1883 quoquo
736 1828 879 1869 versus

83 1891 300 1939 fratribus,
332 1890 406 1943 qui
438 1888 620 1929 verbum
653 1887 723 1927 dei
756 1886 880 1926 semi-

83 1955 249 1998 narent,
264 1948 351 2001 ipse
374 1949 417 1987 in
442 1947 615 1998 Syriam
640 1944 878 1997 nauigauit,

84 2022 109 2048 a
147 2007 432 2058 Soldanoque
469 2004 549 2044 suit
586 2003 776 2054 benigne
814 2015 877 2041 re-

82 2072 247 2118 ceptus.
313 2063 497 2104 Sublata
532 2068 682 2101 tamen
720 2059 880 2112 praedi-

83 2124 210 2164 candi
248 2121 467 2168 facultate,
504 2116 680 2158 coacfftus
717 2117 797 2156 fuit
835 2117 877 2156 in

82 2181 269 2236 patriam
313 2179 460 2219 redire.
530 2177 611 2217 Cui
652 2174 877 2214 biennium

81 2247 183 2281 ante
215 2238 384 2278 obitum
417 2248 517 2275 cum
550 2233 620 2274 .xl.
652 2233 744 2272 dies
777 2232 880 2271 ieiu-

82 2299 218 2339 nasset
241 2297 283 2335 in
308 2299 457 2333 monte
480 2291 670 2331 aluernae
701 2290 742 2328 in
773 2288 878 2329 festo

81 2353 365 2397 exaltationis
398 2350 536 2390 crucis
569 2347 710 2388 oranti
744 2360 878 2399 appa-

82 2414 206 2454 ruisse
241 2414 508 2450 memoratur
542 2405 710 2458 Seraph
744 2404 878 2444 cruci-

81 2473 209 2519 fixus,
232 2470 305 2522 qui
329 2468 369 2507 in
395 2465 596 2505 manibus
619 2470 661 2503 et
690 2462 877 2514 pedibus

81 2530 208 2583 ipsius
230 2527 431 2578 stigmata
462 2522 689 2575 plagarum
721 2518 875 2560 Christi

82 2585 339 2628 mirabiliter
375 2580 641 2633 impresserit.
705 2576 876 2629 Quibus

81 2644 305 2695 insignitus
359 2640 538 2679 summa}
595 2634 875 2676 admirationi

82 2699 249 2742 cunctis
282 2696 552 2738 intuentibus
585 2692 876 2734 venerationi-

81 2773 167 2813 que
208 2758 299 2797 fuit.
381 2754 515 2795 Cuius
562 2752 619 2791 rei
664 2749 875 2789 Nicolaus

81 2830 196 2871 papa
218 2815 369 2855 tertius
393 2810 576 2864 publicis
599 2808 731 2848 literis
761 2806 875 2847 testi-

220 2936 229 2957 ¹
258 2945 361 2970 meus
380 2933 449 2968 csse
473 2944 479 2966 :
509 2933 545 2965 P.

195 3010 230 3039 Ρ».
250 3009 289 3038 N.

715 2927 728 2949 ‘²
754 2927 813 2962 die
832 2936 874 2969 .7.
896 2927 934 2959 in
954 2936 999 2958 m.

1679 130 1751 168 161

958 214 1154 254 monium
1169 214 1396 267 praebuisse
1409 216 1606 257 traditur.
1637 217 1754 259 Tan-

956 272 1058 311 dem
1100 272 1256 312 beatus
1300 273 1550 313 Franciscus
1599 275 1754 327 plenus

955 329 1083 368 bonis
1124 329 1329 382 operibus
1370 336 1414 369 et
1454 332 1595 383 gratia
1635 334 1754 385 apud

955 385 1155 426 Asslslum
1183 387 1368 427 moritur
1389 387 1472 439 .iiij.
1500 402 1639 429 nonas
1667 390 1754 431 Oc-

954 444 1102 494 tobris.
1165 443 1309 496 Quem
1343 445 1579 497 Gregorius
1612 461 1753 488 nonus

954 502 1142 554 cognitis
1173 503 1265 542 eius
1299 502 1517 543 miraculis
1549 504 1753 558 catalogo

954 558 1200 599 san&orum
1224 560 1457 613 adscripfit.

954 634 998 679 GI
1022 633 1204 672 Mamas
1214 639 1331 685 papa
1351 632 1559 685 cmzfesstm
1607 633 1754 676 Leb‘Zz'o

1276 690 1433 731 tertia?

964 757 1209 839 NIArcus
1224 759 1365 811 patria
1380 772 1586 799 romanus
1602 761 1751 813 magni

1102 816 1374 857 Constantini
1409 822 1609 869 tempore
1644 832 1751 870 pon-

953 872 1064 913 tifex
1098 871 1249 923 faffitus,
1283 874 1476 921 instituit,
1510 881 1557 915 vt
1590 876 1752 927 episco-

953 944 1035 982 pus
1049 932 1237 972 ostiensis
1252 930 1277 971 a
1291 945 1593 984 quoromanus
1609 934 1752 986 ponti-

953 989 1028 1028 fex
1060 989 1345 1037 consecratur,
1378 990 1514 1041 pallio
1545 996 1751 1033 vteretur.

953 1046 1180 1096 Praeterea,
1217 1053 1264 1087 vt
1305 1047 1460 1087 diebus
1502 1047 1751 1089 solennibus

951 1104 1095 1144 statim
1128 1104 1223 1157 post
1252 1105 1530 1157 euangelium
1561 1105 1750 1159 Symbo-

951 1162 1042 1202 lum
1066 1163 1192 1202 iuxta
1220 1163 1563 1203 declarationem
1593 1164 1751 1204 nicaeni

951 1220 1121 1272 concilij
1147 1234 1172 1260 a
1194 1220 1309 1260 clero
1332 1226 1375 1260 et
1398 1220 1565 1273 populo
1589 1235 1751 1274 magna

950 1292 1058 1318 voce
1109 1279 1427 1318 decantaretur.
1506 1279 1631 1318 Duas
1682 1293 1750 1319 ec-

951 1335 1098 1375 clesias
1123 1337 1279 1375 Rornae
1297 1336 1506 1383 condidit,
1525 1350 1657 1377 vnam
1680 1338 1752 1377 via

951 1393 1207 1441 Ardeatina,
1231 1393 1415 1433 alteram
1445 1393 1559 1434 intra
1587 1395 1751 1436 vrbem.

953 1450 1075 1503 Quas
1106 1451 1418 1492 Constantinus
1448 1452 1620 1504 magnis
1655 1466 1750 1492 mu-

952 1509 1126 1549 neribus
1145 1509 1389 1553 exornauit,
1409 1514 1452 1548 et
1470 1510 1606 1549 auxit.
1651 1509 1750 1549 Pos-

951 1573 1092 1606 tremo
1128 1580 1229 1606 cum
1266 1580 1324 1606 ex
1362 1566 1488 1606 sacris
1522 1564 1749 1607 ordinibus

951 1624 1016 1664 bis
1035 1624 1179 1664 mense
1199 1624 1434 1664 Decembri
1449 1623 1621 1672 habitis,
1636 1625 1748 1677 pres-

951 1682 1129 1734 byteros
1162 1696 1279 1722 .xxv.
1313 1682 1523 1722 diaconos
1561 1682 1623 1723 ‚vi.
1659 1683 1748 1735 epi-

951 1739 1103 1792 scopos
1133 1739 1230 1791 .viij.
1262 1739 1451 1787 creasset,
1482 1741 1666 1779 moritur
1697 1754 1749 1780 ac

950 1798 993 1837 in
1023 1797 1276 1837 coemeterio
1307 1797 1504 1836 Balbinae
1534 1797 1748 1850 sepelitur,

949 1869 1048 1895 cum
1092 1855 1260 1895 sedisset
1304 1868 1444 1894 annos
1486 1855 1539 1907 .ij‚
1580 1855 1748 1896 menses

949 1913 1043 1965 .viij.
1067 1913 1161 1953 dies
1181 1912 1348 1965 viginti.

1270 1992 1430 2033 Oratio.

956 2061 1187 2144 EXaudi
1203 2061 1380 2101 domine
1395 2074 1544 2113 preces
1560 2061 1747 2101 nostras:

1058 2125 1100 2159 et
1123 2119 1419 2159 intercedente
1440 2118 1571 2159 beato
1595 2118 1747 2159 Marco

949 2177 1185 2217 confessore
1235 2182 1312 2216 tuo
1364 2182 1496 2228 atque
1538 2176 1747 2229 pontifice

950 2234 1286 2288 supplicationes
1335 2233 1500 2273 nostras
1545 2234 1746 2286 placatus

949 2293 1139 2333 intende.
1163 2304 1248 2344 per.

949 2374 993 2419 ΕΙ
1032 2370 1273 2422 Dion-astus,
1307 2368 1516 2422 Rusticus,
1548 2368 1745 2409 Eleuthe-

1180 2441 1274 2467 mus
1296 2433 1515 2477 vmrlyrcs.

1185 2499 1330 2540 Leffio
1353 2497 1513 2539 tertia?

955 2569 1238 2653 Dlonysius
1289 2569 1432 2621 patria
1484 2567 1744 2609 atheniensis

1065 2629 1128 2668 vir
1159 2627 1360 2680 patritius
1397 2632 1440 2666 et
1476 2627 1743 2679 areopagita,

946 2701 1033 2740 quo
1057 2686 1232 2726 nomine
1260 2684 1373 2723 illius
1403 2684 1592 2723 ciuitatis
1624 2683 1742 2723 sena-

946 2752 1062 2786 torcs
1096 2742 1443 2795 appellabantur,
1474 2741 1660 2781 traditur
1691 2754 1743 2780 eo

945 2803 1027 2850 (lic,
1059 2815 1146 2854 quo
1180 2799 1373 2840 Christus
1404 2797 1638 2838 crucifixus
1672 2798 1744 2847 est,

1172 2921 1185 2942 3
1211 2921 1270 2955 die
1289 2930 1330 2964 .9.
1353 2921 1392 2955 itt
1411 2932 1457 2955 m.
1508 2920 1539 2954 6.
1559 2920 1602 2955 A.

1577 2995 1589 3022 1
1607 2995 1620 3023 1
