1981 3248
211 139 288 169 112

205 219 458 273 eloquentia
525 216 843 272 san5titateque
906 232 1009 259 con-

207 277 384 330 scriptis.
448 276 575 329 Obijt
607 282 756 317 autem
788 276 909 329 xviij.
940 290 1010 316 ca-

207 335 360 376 lendas
383 332 603 377 OGtobris.
665 334 767 387 Quo
788 335 859 375 die
881 334 1010 374 vehe-

208 407 333 434 mens
383 393 553 446 grando
606 392 1012 445 Constantinopolis

208 451 466 492 suburbanis
509 464 721 503 magnum
773 450 1012 490 detrimen-

208 515 304 550 tum
331 509 515 549 inuexit.
557 508 691 561 Quod
715 508 931 549 creditum
951 507 1011 548 est

208 567 396 608 euenisse
429 572 610 620 propter
642 566 844 606 iniustam
881 566 1011 606 Ioan-

209 626 276 666 nis
294 622 706 674 damnationem,et¹
723 637 821 664 earn
839 624 1012 677 opinio-

210 697 311 723 nem
342 681 620 722 confirmauit
649 695 766 722 mors
796 681 1010 734 Augustfe

210 741 306 794 post
338 741 445 782 ‚xix
478 740 597 780 diem
633 739 788 780 secuta.
852 740 1011 792 Itaque

209 798 360 853 postea
401 812 559 850 corpus
600 798 693 837 eius
739 797 1011 837 Theodosius

208 856 421 909 Archadij
431 854 445 874 2
459 855 571 895 filius
582 854 1010 908 Constantinopolim

209 914 573 962 transferendum,
596 927 646 953 ac
672 913 869 966 religiose
893 913 1010 966 sepe-

208 972 405 1013 liendum
466 971 636 1012 curauit
685 971 751 1024 ‚vj.
804 970 1010 1011 calendas

210 1029 448 1083 Februarij.

209 1128 254 1173 (1
306 1121 553 1170 Mammas,
588 1120 779 1168 Cointlm,
810 1126 851 1160 et
883 1120 1012 1161 Sera-

269 1179 374 1234 pion
397 1185 623 1231 martyres,
675 1178 821 1219 Lectio
844 1177 939 1232 ‚izj³.

209 1261 542 1348 ALexandriae
573 1260 713 1302 Decio
744 1260 1011 1313 imperatore

323 1326 449 1361 tanta
471 1320 514 1360 in
537 1319 792 1360 christianos
816 1318 1012 1371 persecu-

209 1378 272 1419 tio
295 1384 453 1420 exorta
467 1377 540 1427 est,
556 1383 602 1418 vt
621 1376 790 1417 nullum
808 1375 1011 1416 fidelibus

210 1437 291 1477 iter
323 1450 402 1477 nec
434 1436 518 1485 die,
555 1448 635 1476 nec
667 1433 797 1475 ηοξὶθ
829 1439 1011 1488 pateret.

211 1494 329 1535 Nam
353 1495 603 1548 quicunque
619 1492 643 1533 a
661 1493 832 1533 furente
847 1492 1012 1545 populo

210 1552 548 1607 comprehensus
572 1551 674 1591 esset
698 1548 862 1591 indi&a
885 1549 1012 1590 causa

210 1611 280 1652 vel
309 1611 496 1665 pedibus
523 1609 783 1651 trahebatur
811 1608 866 1648 ad
898 1621 1012 1648 mor-

210 1675 314 1718 tem,
328 1668 397 1709 vel
414 1669 504 1721 igni
522 1667 878 1708 succendebatur.
897 1665 1010 1707 Cum

211 1728 345 1780 igitur
367 1727 622 1767 daemonum
646 1724 830 1764 stimulis
859 1724 1013 1776 exagi-

210 1791 353 1826 tatum
388 1783 546 1837 vulgus
575 1782 682 1823 nihil
714 1782 846 1830 aliud,
878 1794 1011 1834 quam

210 1844 385 1896 piorum
409 1842 664 1894 sanguinem
688 1840 831 1887 sitiret,
849 1840 1013 1879 Metra-

211 1914 293 1941 nus
335 1899 560 1953 religiosus
602 1898 735 1938 senex
779 1898 836 1937 ab
878 1897 1014 1950 impia

212 1958 341 2000 turba
358 1963 585 2010 correptus
601 1956 775 1996 iubetur
793 1954 1011 1996 Christum

211 2016 426 2057 detestari.
489 2014 622 2067 Quod
655 2027 754 2054 cum
788 2013 1014 2061 recusaret,

212 2088 346 2115 omne
387 2086 545 2126 corpus
586 2072 679 2112 eius
732 2070 1014 2111 membratim

212 2132 394 2173 fustibus
426 2130 676 2171 colliserunt
710 2145 717 2170 :
751 2129 1014 2181 vultumque

213 2196 257 2231 et
298 2189 449 2230 oculos
495 2189 635 2229 acutis
677 2187 858 2227 calamis
902 2192 1014 2227 tere-

212 2249 391 2289 brantes
415 2263 422 2287 :
451 2252 580 2287 extra
601 2245 753 2286 vrbem
786 2258 886 2284 cum
919 2258 1013 2284 cru-

211 2306 398 2347 ciatibus
420 2310 664 2352 traxerunt,
687 2303 834 2355 ibique
856 2301 1013 2355 lapidi-

211 2364 294 2405 bus
316 2377 417 2404 eum
441 2363 682 2403 obruerunt
705 2361 846 2413 pridie
868 2359 1013 2400 calen-

211 2423 291 2463 das
325 2420 563 2472 Februarij.
626 2418 724 2460 Post
755 2418 850 2458 haec
883 2418 1014 2459 Coin-

210 2479 335 2521 tham
368 2478 595 2519 mulierem
625 2477 817 2517 nobilem
841 2489 1015 2528 correp-

212 2544 317 2586 tam,
332 2542 376 2577 et
398 2537 504 2577 deos
527 2536 710 2576 adorare
728 2533 1012 2582 recusantem,

212 2596 349 2636 immo
371 2594 518 2647 potius
540 2598 838 2639 execrantem,
858 2589 1014 2631 vinetis

211 2652 400 2707 pedibus
426 2665 504 2704 per
525 2664 678 2690 omnes
701 2650 819 2690 vrbis
842 2648 1013 2702 plateas

211 2710 404 2759 trahunt,
422 2709 630 2762 foedoque
652 2713 696 2748 et
717 2707 895 2747 horrido
918 2706 1014 2759 sup-

212 2767 328 2822 plicij
364 2780 525 2820 genere
561 2765 822 2819 discerpunt.
885 2764 1014 2805 Sera-

279 2872 291 2892 1
317 2877 353 2906 et
376 2883 383 2906 ε
402 2882 469 2905 om.
488 2871 532 2905 A.

280 2918 294 2940 2
318 2917 482 2953 Archadi
507 2929 514 2952 z
535 2919 572 2952 P.

280 2966 294 2987 3
320 2965 379 3000 die
397 2974 452 3009 31.
472 2966 512 2999 in
531 2976 578 2999 m.
627 2964 666 2999 18
692 2977 698 2999 ;
719 2965 761 2999 R.
814 2963 860 2997 lu
881 2962 1008 2996 tabula

871 141 1005 173 FEBR
1013 141 1209 174 UARJUS.

1072 218 1252 272 pionem
1276 233 1452 272 quoque
1475 219 1596 260 domi
1621 218 1707 260 suae
1731 233 1876 273 reper-

1075 282 1169 317 tum
1194 277 1493 318 crudelisfimis
1516 277 1701 318 affecere
1719 277 1880 331 suppli-

1074 334 1164 387 cijs,
1207 341 1251 375 et
1292 335 1442 375 solutis
1485 336 1690 376 omnibus
1741 349 1880 376 mem-

1074 393 1253 433 brorum
1283 393 1476 434 articulis
1508 407 1531 434 e
1564 392 1736 434 sublimi
1766 406 1880 446 prae-

1076 451 1328 504 cipitarunt.

1336 600 1379 641 F
1376 599 1615 642 ebruarz‘m.

1131 704 1175 749 {I
1199 702 1404 756 [gnatius
1424 701 1628 755 episcopus
1649 709 1828 756 υῑανζγν.

1309 760 1454 800 Lectio
1477 759 1636 802 tertiat

1085 853 1319 937 IGnatius
1366 853 1622 894 Antiochiae
1670 854 1765 907 post
1803 855 1883 895 Pe-

1149 918 1264 953 trum
1289 912 1477 952 secunda
1500 911 1756 952 successione
1774 912 1881 966 epis-

1077 977 1286 1024 copatum
1311 970 1484 1010 sortitus
1510 969 1582 1018 est,
1604 970 1678 1023 qui
1701 971 1881 1011 Traiani

1077 1034 1276 1081 tempore
1308 1028 1533 1068 accusatus
1566 1028 1683 1081 quod
1717 1028 1880 1068 christi-

1076 1100 1186 1126 anus
1224 1086 1337 1134 esset,
1367 1086 1422 1125 ad
1456 1084 1612 1125 bestias
1644 1086 1882 1126 damnatur

1079 1144 1272 1184 Romam
1296 1143 1552 1184 mittendus.
1616 1142 1716 1196 Quo
1735 1157 1834 1184 curn
1855 1143 1881 1184 a

1079 1202 1209 1255 Syria
1234 1199 1409 1241 vin&us
1444 1201 1759 1254 deportaretur,
1782 1215 1876 1242 om-

1079 1274 1155 1300 nes
1178 1259 1293 1300 Asiae
1317 1259 1530 1307 ciuitates,
1545 1260 1599 1299 ad
1616 1272 1725 1312 quas
1743 1273 1881 1313 appu-

1079 1317 1198 1366 lisset,
1215 1316 1481 1369 euangelicis
1503 1316 1882 1358 cohortationibus

1079 1376 1314 1416 edocebat:
1347 1375 1603 1415 remotiores
1630 1375 1762 1415 etiam
1790 1376 1882 1428 epi-

1078 1433 1195 1474 stolis
1218 1433 1431 1473 erudiens.
1496 1432 1547 1472 In
1577 1446 1762 1485 quarum
1784 1447 1882 1481 vna,

1079 1505 1212 1545 quam
1243 1490 1448 1544 Smyrnae
1472 1490 1577 1530 dum
1601 1491 1720 1544 apud
1751 1490 1883 1544 Poly-

1079 1548 1570 1602 carpumdiuersaretur‚
1580 1549 1635 1588 ad
1654 1548 1882 1589 Romanos

1079 1607 1255 1660 scripsit:
1288 1607 1400 1647 inter
1427 1612 1586 1646 caetera
1612 1606 1706 1646 haec
1732 1607 1787 1647 de
1810 1607 1883 1647 sua

1078 1665 1364 1705 damnatione
1396 1663 1538 1705 refert.
1603 1664 1643 1705 O
1674 1664 1882 1705 salutares

1079 1723 1235 1763 bestias
1277 1736 1375 1776 quae
1417 1727 1722 1775 praeparantur
1763 1722 1882 1763 mihi.

1080 1780 1272 1833 Quando
1304 1780 1506 1820 venient?
1543 1780 1722 1832 quando
1754 1781 1880 1820 emit-

1079 1838 1251 1879 tentur?
1294 1838 1473 1891 quando
1516 1838 1576 1877 eis
1614 1837 1696 1877 frui
1734 1838 1883 1879 licebit

1079 1896 1283 1937 carnibus
1307 1895 1440 1935 meis?
1472 1909 1582 1948 quas
1605 1901 1648 1935 et
1671 1909 1753 1948 ego
1775 1903 1882 1949 opto

1080 1954 1266 1994 acriores
1283 1952 1424 2006 parari
1441 1966 1494 1993 ne
1512 1953 1623 1993 forte
1636 1953 1697 2004 (vt
1714 1955 1756 1994 in
1772 1967 1881 1993 non-

1080 2012 1209 2052 nullis
1242 2011 1454 2062 fecerunt)
1488 2011 1675 2051 timeant
1711 2012 1900 2052 contin--

1078 2084 1180 2123 gere
1207 2082 1364 2122 corpus
1394 2082 1554 2109 meum.
1617 2069 1748 2109 Nunc
1778 2070 1882 2109 inci-

1079 2129 1152 2181 pio
1171 2127 1406 2180 discipulus
1424 2126 1507 2167 esse
1525 2126 1693 2168 Christi.
1736 2126 1879 2180 Ignes,

1078 2199 1238 2233 cruces,
1248 2184 1407 2234 bestiae,
1417 2184 1729 2237 discerptiones
1744 2198 1883 2225 mern-

1079 2244 1270 2292 brorum,
1285 2256 1334 2283 ac
1349 2242 1484 2282 totius
1507 2243 1699 2296 corporis
1722 2256 1880 2296 poenae,

1079 2307 1123 2342 et
1155 2301 1305 2341 omnia
1336 2301 1379 2340 in
1409 2314 1479 2340 me
1507 2313 1644 2340 vnum
1671 2300 1881 2353 supplicia

1079 2359 1244 2400 diaboli
1271 2365 1364 2399 arte
1385 2357 1565 2411 quaesita
1593 2358 1882 2406 cumulentur,

1080 2417 1324 2457 dummodo
1363 2416 1504 2456 Iesum
1539 2415 1756 2456 Christum
1791 2429 1881 2456 me-

1079 2488 1175 2515 rear
1191 2473 1380 2527 adipisci.
1429 2474 1620 2513 Romam
1640 2474 1771 2526 igitur
1784 2487 1879 2527 per-

1079 2530 1251 2580 ducfftus,
1273 2537 1317 2572 et
1344 2530 1490 2582 bestijs
1519 2531 1753 2584 expositus,
1777 2544 1876 2571 cum

1080 2591 1168 2630 iam
1190 2588 1215 2629 a
1242 2589 1440 2629 leonibus
1466 2588 1789 2641 discerperetur,
1812 2602 1878 2629 ar-

1079 2648 1186 2688 dore
1231 2646 1428 2699 martyrij
1474 2646 1663 2686 moriens
1706 2647 1748 2686 in
1786 2646 1880 2686 haec

1078 2705 1211 2746 verba
1228 2704 1438 2757 prorupit.
1487 2704 1776 2744 Frumentum
1795 2717 1879 2756 ego

1079 2762 1171 2803 sum
1223 2762 1305 2803 dei.
1380 2760 1620 2802 Bestiarum
1672 2762 1877 2802 dentibus

1078 2870 1290 2903 erratorum
1303 2877 1316 2901 .·
1341 2865 1401 2900 die
1419 2875 1473 2909 31.

1148 2914 1161 2936 4
1186 2913 1246 2949 die
1268 2924 1296 2949 1.
1314 2914 1353 2948 in
1374 2925 1420 2949 m.
