1981 3248
218 148 293 187 118

211 246 492 282 memoratur.
555 240 693 294 Apud
745 238 1026 281 Caesareamss

214 297 406 351 Philippi
436 299 479 338 in
509 299 654 338 radice
686 299 849 339 montis
886 297 1008 350 Panij

210 355 282 395 vbi
300 357 437 397 oritur
457 357 658 397 Iordanis
677 355 856 396 fluuius²
874 355 1011 396 veteri

211 414 356 466 gentis
386 414 502 455 illius
531 414 729 455 instituto
752 413 1013 454 immolaba-

211 477 282 511 tur
310 471 475 513 solenni
505 473 701 526 quodam
726 472 796 512 die
819 470 1011 519 victima,

210 542 310 582 quae
376 531 592 571 daemonis
657 530 888 583 praestigijs
948 544 1013 569 re-

210 594 344 640 pente
376 588 557 637 sublata,
590 589 634 628 in
672 588 834 629 coelum
873 587 1011 628 efferri

211 646 482 687 credebatur.
534 646 615 687 Cui
640 644 887 699 speffitaculo
910 659 1010 685 cum

211 702 324 744 forte
338 703 536 744 Asterius
554 704 783 753 interesset,
799 710 842 744 et
858 717 1011 744 omnes

210 761 379 802 videret
402 762 617 803 attonitos
648 762 767 815 spem
799 761 1010 811 miraculi,

210 819 437 871 publicum
509 834 700 860 errorem
772 820 1012 867 miseratus,

210 877 343 917 deum
382 878 480 918 fusis
518 878 755 931 lachrymis
793 878 1009 924 exorauit,

210 941 257 975 vt
289 936 530 989 praestigias
560 936 801 976 diabolicas
832 938 1010 989 detege-

210 999 285 1033 ret.
366 993 525 1047 Itaque
577 995 777 1047 protinus
830 992 1011 1034 vi6tima

210 1050 392 1092 flumine
429 1052 586 1092 deferri
629 1050 796 1092 cunsfftis
834 1052 1010 1092 astanti-

210 1108 292 1149 bus
334 1108 568 1162 conspefita
619 1110 689 1159 est,
737 1124 787 1149 ac
840 1116 1011 1150 mentes

210 1167 401 1220 ipsorum
440 1182 584 1208 errore
621 1167 862 1221 pernicioso
905 1168 1010 1208 libe-

210 1231 327 1266 ratae.
383 1226 470 1266 Hic
494 1239 595 1266 cum
619 1227 661 1265 in
684 1226 789 1266 vrbe
813 1225 1012 1266 Caesarea

212 1283 439 1323 Palestinae
492 1284 703 1336 martyrio
756 1283 1011 1324 interfuisset

209 1341 327 1381 beati
366 1341 521 1381 Militis
560 1342 732 1390 Marini,
772 1341 1012 1394 corpusque

209 1398 324 1439 illius
385 1399 578 1440 humeris
630 1400 684 1440 ad
742 1399 1010 1452 sepulturam

209 1457 391 1507 efferret,
445 1455 686 1498 abstractus
738 1458 793 1497 ab
846 1458 1011 1497 infideli

209 1515 375 1568 populo
405 1516 448 1556 in
480 1515 566 1556 fide
596 1515 799 1556 constans
821 1515 1010 1568 glorioso

209 1574 420 1626 martyrio
472 1580 709 1614 coronatur
770 1589 818 1615 .v.
871 1587 1011 1614 nonas

209 1632 359 1684 Martij
411 1632 652 1672 Valeriano
712 1638 755 1672 et
809 1631 1011 1672 Gallieno

209 1690 560 1743 imperatoribus.

329 1790 373 1834 (l
398 1787 563 1827 Lucius
574 1795 691 1841 papa
713 1795 895 1840 martyr.

475 1845 620 1885 Lec‘Zz'o
644 1844 739 1898 .iz'j3.

218 1919 402 2001 Heius
432 1920 574 1972 patria
606 1920 836 1962 Romanus
871 1921 1012 1971 Gallo,

321 1977 571 2027 Volusiano,
600 1978 817 2028 Gallieno,
843 1986 887 2020 et
922 1980 1011 2020 Va-

209 2034 375 2075 leriano
408 2036 747 2089 imperatoribus
780 2037 1012 2091 pontifica-

208 2099 303 2133 tum
327 2094 459 2146 gessit.
512 2094 714 2147 Quorum
737 2096 1011 2149 temporibus

209 2157 335 2191 tanta
394 2152 436 2191 in
510 2152 767 2193 christianos
844 2154 1011 2194 saeuitia

209 2216 367 2250 exorta
408 2209 478 2258 est,
516 2216 564 2250 vt
614 2224 768 2263 paucae
820 2211 1010 2264 ipsorum

211 2268 384 2317 domus,
404 2267 568 2308 nedum
584 2269 798 2309 ciuitates.
816 2276 891 2310 aut
910 2283 1011 2322 pro-

210 2325 367 2366 uinciae
400 2325 562 2366 suerint
604 2328 697 2366 eius
740 2327 1010 2368 calamitatis

209 2390 426 2436 expertes.
516 2384 604 2424 Hic
656 2385 788 2438 igitur
840 2399 1010 2426 romam

209 2448 385 2482 mortuo
422 2441 671 2492 Volusiano,
707 2441 733 2483 a
769 2457 857 2496 quo
903 2444 1009 2483 rele-

209 2504 339 2552 gatus
381 2499 532 2548 fuerat,
572 2500 765 2540 reuersus
809 2517 816 2541 :
854 2501 1009 2542 consti-

210 2557 306 2605 tuit,
328 2562 376 2597 vt
408 2558 499 2597 bini
531 2558 777 2611 presbyteri
810 2573 861 2599 ac
894 2560 1007 2600 terni

209 2614 383 2654 diaconi
405 2615 656 2668 episcopum
686 2616 847 2669 vbique
874 2618 1009 2657 comi-

209 2678 408 2712 tarentur
450 2688 457 2712 :
499 2673 628 2713 testes
669 2674 874 2715 videlicet
916 2675 1009 2715 eius

209 2730 324 2779 vitae,
355 2728 669 2784 actionumque
699 2731 843 2781 futuri,
880 2732 1009 2774 Ordi-

280 2841 292 2861 1
320 2841 518 2875 Caesariani
543 2854 549 2876 :
570 2844 608 2876 P.
624 2843 666 2876 A.

280 2887 292 2908 ⁴2
319 2888 414 2921 filius
441 2890 504 2922 :R

280 2935 293 2956 3
319 2935 379 2970 die
396 2945 427 2977 4.
448 2936 489 2969 in
508 2948 553 2969 m.

280 2982 292 3003 ⁴
319 2982 378 3017 die
396 2991 426 3025 7.
447 2984 487 3016 z'n
506 2995 552 3018 m.

928 160 1168 194 MARTJUS.

1083 239 1339 280 nationibus
1368 239 1495 279 sacris
1525 245 1590 279 tei·
1621 236 1765 277 mense
1795 236 1884 276 De-

1083 297 1249 337 cembri
1281 297 1455 346 habitis,
1488 296 1767 349 presbyteros
1801 294 1883 346 .iiij.

1083 355 1295 395 diaconos
1360 354 1445 407 .iiij.
1513 353 1740 406 episcopos
1802 352 1882 405 .vij.

1083 413 1259 453 creauit.
1326 413 1522 453 Demum
1553 411 1732 451 iubente
1752 409 1884 450 Vale-

1083 471 1207 511 riano
1225 471 1439 511 acerrimo
1458 469 1676 510 christiani
1694 468 1883 508 nominis

1082 529 1215 577 hoste,
1239 529 1502 580 martyrium
1536 527 1691 580 passus,
1720 527 1764 566 in
1791 539 1884 566 coe-

1082 587 1266 627 meterio
1308 585 1455 627 Calisti
1488 585 1680 638 sepultus
1710 584 1770 624 est
1799 583 1881 636 .iiij.

1083 658 1222 685 nonas
1246 644 1410 696 Martij.
1475 643 1588 685 Cum
1618 642 1787 682 sedisset
1808 656 1883 682 an-

1082 717 1162 742 nos
1185 708 1286 751 tres,
1309 702 1478 742 menses
1501 701 1570 754 .iij.
1634 699 1722 753 Qui
1752 699 1884 740 Vale-

1085 761 1233 801 rianus
1277 761 1455 800 meritas
1508 759 1593 799 suae
1644 758 1884 811 impietatis

1082 832 1238 871 poenas
1275 832 1383 858 mox
1415 818 1549 866 dedit,
1586 830 1689 857 nam
1731 815 1882 869 paulo-

1081 877 1176 930 post
1206 876 1488 916 christianum
1520 888 1681 915 nomen
1713 875 1768 914 ab
1792 873 1882 926 ipso

1080 935 1233 975 vexari
1262 941 1472 987 coeptum,
1501 934 1544 973 in
1576 932 1692 973 bello
1721 932 1883 986 persico

1080 991 1222 1033 victus
1274 992 1344 1041 est,
1405 991 1614 1045 viuusque
1665 991 1786 1031 venit
1838 991 1881 1030 in

1080 1050 1267 1091 hostium
1287 1049 1562 1103 potestatem.
1612 1048 1750 1101 Apud
1771 1061 1881 1101 quos

1080 1115 1171 1148 tam
1211 1108 1513 1148 miserabiliter
1554 1108 1597 1146 in
1636 1107 1883 1159 turpissima

1080 1166 1285 1206 seruitute
1315 1166 1440 1214 vixit,
1463 1172 1510 1206 vt
1540 1165 1713 1218 quoties
1745 1165 1882 1204 Paco-

1081 1238 1152 1264 rus
1182 1224 1403 1277 persarum
1430 1237 1509 1263 reX
1542 1236 1704 1275 equum
1737 1222 1882 1262 ascen-

1081 1282 1214 1328 deret,
1252 1282 1372 1322 velut
1406 1281 1594 1321 scabello
1629 1280 1756 1320 dorso
1791 1280 1882 1320 eius

1079 1346 1284 1380 vteretur.

1082 1433 1125 1478 dl
1159 1431 1344 1471 Thomas
1365 1431 1575 1483 confessor.
1617 1429 1762 1470 Lefiz'o
1784 1426 1881 1482 .iz'j4.

1168 1517 1340 1557 Homas
1364 1517 1429 1556 vir
1458 1514 1660 1556 doctrina
1689 1521 1733 1555 et
1764 1515 1882 1555 sanc-

1200 1575 1329 1615 titate
1367 1574 1509 1614 clarus
1547 1574 1715 1626 Aquini
1753 1579 1882 1614 natus

1085 1632 1183 1673 loco
1213 1632 1363 1673 illustri
1386 1647 1444 1672 ex
1466 1632 1678 1673 comitum
1703 1631 1880 1679 familia,

1081 1691 1222 1744 patria
1251 1690 1418 1731 vastata
1448 1689 1474 1730 a
1506 1690 1713 1731 Conrado
1745 1690 1881 1742 impe-

1080 1755 1235 1797 ratore,
1283 1746 1458 1788 relicfftus
1510 1747 1570 1788 est
1618 1746 1643 1787 a
1684 1747 1881 1800 profugis

1082 1807 1336 1859 parentibus
1360 1807 1403 1846 in
1431 1805 1636 1846 coenobio
1666 1804 1881 1846 Casinensi

1083 1864 1311 1904 monachis
1367 1864 1718 1904 commendatus.
1792 1863 1881 1904 Vbi

1082 1922 1338 1975 aliquandiu
1362 1922 1496 1962 literis
1519 1921 1693 1968 studuit,
1712 1935 1761 1961 ac
1784 1921 1881 1961 reli-

1080 1981 1210 2033 gioni.
1276 1981 1450 2020 Deinde
1474 1978 1716 2019 monachus
1740 1979 1882 2032 predi-

1082 2044 1281 2078 catorum
1315 2038 1481 2078 ordinis
1513 2034 1664 2085 sa&us‚
1692 2037 1881 2077 Alberto

1083 2110 1246 2149 magno
1277 2096 1520 2149 preceptori
1551 2109 1731 2148 operam
1759 2094 1881 2135 dedit

1081 2155 1124 2194 in
1160 2160 1383 2194 conuentu
1425 2152 1683 2202 Coloniensi,
1721 2153 1878 2205 quue

1081 2212 1279 2265 processit
1337 2211 1596 2252 eruditionis
1650 2209 1879 2250 indefessa5

1080 2284 1195 2319 cura,
1218 2268 1284 2310 et⁶
1306 2269 1468 2322 ingenij
1495 2268 1815 2322 magnitudine,
1834 2275 1882 2309 vt

1080 2328 1208 2368 facile
1237 2328 1533 2381 principatum
1565 2326 1807 2366 obtinuerit
1836 2327 1879 2366 in

1081 2386 1308 2439 gymnasio
1337 2385 1564 2425 Parisiensi.
1627 2384 1714 2424 Vbi
1737 2383 1882 2437 philo-

1080 2444 1290 2497 sophiam,
1324 2443 1683 2495 theologiamque
1720 2442 1881 2490 docuit,

1081 2515 1180 2542 cum
1225 2502 1425 2541 maxima
1466 2500 1540 2540 sua
1582 2500 1723 2540 laude.
1792 2499 1882 2540 Tot

1082 2559 1215 2600 libros
1246 2560 1300 2599 de
1332 2558 1608 2612 philosophia
1637 2571 1687 2598 ac
1712 2557 1881 2597 theolo—

1079 2618 1153 2670 gia
1208 2614 1449 2658 doctissime
1501 2613 1783 2668 conscripsit⁷,
1833 2621 1880 2656 vt

1080 2675 1262 2727 longum
1285 2674 1334 2715 sit
1358 2687 1627 2714 enumerare.
1680 2672 1879 2725 Quorum

1079 2732 1295 2773 summam
1347 2731 1645 2785 theologicam
1692 2736 1881 2784 quatuor

1150 2843 1164 2866 5
1189 2844 1335 2878 insessa:
1363 2844 1406 2878 A.

1150 2892 1163 2913 (ἱ
1188 2892 1234 2925 de
1258 2904 1264 2925 :
1283 2892 1366 2925 add.
1387 2893 1429 2925 A.

1150 2938 1162 2960 7
1188 2938 1323 2983 scripsit
1348 2952 1354 2974 :
1378 2939 1413 2972 P.
