1981 3248
201 153 281 196 150

201 234 329 275 castae
350 239 395 275 et
416 230 576 274 1306130ἱ
598 229 831 285 pueritiam
855 227 1005 268 adole-

202 293 502 344 scentiamque
543 289 755 337 traduxit,
798 292 846 327 vt
893 285 1006 337 saepe

203 349 248 391 a1
281 350 536 391 mulieribus
569 353 750 401 propter
780 344 1005 397 egregiam

203 409 296 449 eius
333 407 705 461 pulchritudinem
740 402 1007 448 sollicitatus,

204 479 431 519 nunquam
456 470 639 518 peccato
657 468 700 502 et
718 460 837 501 carni
860 458 1007 511 acqui-

206 525 356 565 euerit.
420 522 539 576 Quin
561 527 609 561 vt
636 520 715 560 has
738 517 1007 559 tentationes

206 582 430 634 effugeret,
485 579 643 632 viginti
699 578 812 618 duos
868 587 1007 615 annos

207 646 336 681 natus
359 637 634 679 cisterciensis
660 634 825 675 ordinis
855 645 1008 673 mona-

207 698 314 738 chus
332 695 483 744 factus,
498 694 658 747 vigilijs
676 699 719 733 et
737 690 1008 732 orationibus

208 755 387 796 mirifice
403 754 590 801 deditus,
608 753 650 791 in
671 751 806 791 nimia
823 761 1010 802 pauper-

207 820 300 855 tate
327 813 465 854 vitam
496 808 754 851 sanctissime
786 805 1008 860 perduxit.

206 871 284 912 Ab
307 871 427 911 omni
451 869 692 909 ambitione
714 873 805 906 tam
830 865 1010 911 alienus,

206 936 255 970 vt
286 928 536 969 ianuensem
566 932 610 966 et
640 921 1010 965 mediolanensem

208 987 485 1041 episcopatus
508 985 582 1025 fibi
610 983 784 1024 oblatos
813 979 1011 1022 constan-

208 1046 364 1086 tissime
396 1042 657 1084 recusauerit
684 1046 811 1081 tanto
844 1039 884 1079 se
916 1051 1011 1077 mu-

209 1117 312 1144 nere
329 1102 558 1155 indignum
575 1100 657 1140 esse
673 1097 892 1152 professus.
924 1095 1011 1135 Hic

209 1161 350 1202 multa
381 1173 515 1213 opera
547 1157 723 1211 egregia
755 1153 1011 1207 composuit,

209 1218 411 1260 doctrina
446 1217 657 1270 praeditus
695 1213 832 1254 infusa
870 1212 1011 1264 magis

209 1277 421 1318 diuinitus
439 1288 573 1328 quam
592 1272 848 1313 humanitus
871 1277 1009 1323 parta.

209 1335 413 1375 Tandem
446 1346 563 1372 anno
596 1332 680 1371 suae
712 1330 857 1370 fetatis
890 1328 1012 1368 sexa-

209 1393 372 1446 gesimo
406 1391 538 1432 tertio
570 1389 693 1442 graui
732 1388 887 1427 morbo
920 1399 1013 1425 cor-

210 1457 371 1504 reptus,
433 1448 662 1489 monachis
724 1444 1013 1486 assistentibus

211 1509 485 1556 charitatem,
515 1506 826 1552 humilitatem,
855 1516 906 1542 30
938 1516 1015 1554 pa-

210 1566 412 1608 tientiam
463 1566 554 1604 iure
596 1561 845 1603 testamenti
888 1560 1016 1600 relin-

211 1638 349 1678 quens
383 1623 533 1663 multis
567 1620 787 1661 miraculis
820 1619 961 1659 clarus
991 1616 1017 1657 3

211 1684 302 1724 vita
325 1681 532 1734 migrauit
550 1679 655 1732 xiij.
674 1678 880 1719 calendas
906 1676 1016 1729 Sep-

213 1741 405 1782 tembris.

214 1855 258 1900 «Ι
282 1847 623 1888 Bartholomoens
643 1843 847 1898 apostolus
867 1842 1020 1896 duplex

540 1903 691 1944 mains.

537 1989 699 2031 Oratio.

218 2076 566 2160 OMnipotens
599 2072 861 2126 sempiterne
897 2070 1019 2120 deus,

335 2135 408 2187 qui
441 2133 568 2173 huius
601 2132 687 2171 diei
719 2129 1017 2171 venerandam

215 2190 497 2244 sanetamque
550 2189 749 2230 laetitiam
803 2189 846 2228 in
898 2187 1017 2226 beati

213 2250 397 2303 apostoli
421 2250 484 2290 tui
516 2246 830 2288 Bartholomaei
859 2244 1019 2285 sestiui-

214 2315 306 2349 tate
343 2307 528 2348 tribuisti
564 2321 571 2346 :
609 2306 666 2346 da
703 2303 891 2345 ecclefiae
929 2309 1017 2343 tuae

213 2366 463 2419 quaesumus
486 2371 529 2405 et
556 2377 704 2404 amare
730 2362 849 2415 quod
880 2361 1017 2401 credi-

213 2425 279 2465 dit
310 2440 318 2464 :
350 2431 392 2465 et
419 2423 661 2477 praedicare
687 2420 806 2474 quod
829 2419 980 2459 docuit
1010 2434 1018 2459 :

213 2496 304 2535 per.

450 2589 487 2629 L
494 2588 595 2628 ee'lz'o
619 2586 747 2627 [ertia
754 2584 778 2626 ².

222 2673 614 2757 ssArtholomeus
667 2669 890 2724 apostolus
942 2683 1017 2709 na-

313 2733 433 2773 tione
454 2730 653 2784 galilaeus
677 2730 719 2769 in
738 2743 789 2769 ea
806 2728 1017 2768 diuisione

212 2791 330 2831 orbis
362 2796 586 2837 terrarum,
617 2801 704 2840 qua
735 2786 920 2839 apostoli
952 2792 1017 2826 to-

283 2882 297 2903 1
323 2893 344 2914 3
367 2894 373 2915 :
393 2892 460 2914 om.
483 2881 521 2914 Ρ.

283 2929 297 2951 2
323 2928 382 2962 die
410 2937 454 2969 24
475 2928 514 2960 in
536 2938 582 2960 m.
630 2926 708 2959 Om.
737 2925 779 2959 R.
824 2924 865 2957 z'n
888 2923 1018 2957 tabula

215 2982 336 3012 tamen
356 2978 567 3010 erratorum
586 2973 752 3007 ιῑιίιίίίῑιν.
805 2971 864 3005 die
890 2980 940 3013 14.
965 2972 1001 3005 P.

898 148 1174 182 AUGUSTUS.

1074 225 1161 266 tius
1188 226 1420 268 Christiani
1444 226 1634 282 mysterij
1658 226 1876 268 certissimi

1074 283 1204 324 testes
1256 285 1369 326 inter
1415 286 1455 326 10
1504 286 1766 339 prouincias,
1809 283 1879 325 vt3

1078 341 1233 383 Christi
1275 342 1523 384 doctrinam
1576 344 1879 397 praedicarent,

1076 401 1226 453 partiti
1268 401 1377 451 sunt,
1413 402 1658 442 citeriorem
1702 401 1877 441 Indiam

1077 458 1263 508 sortituS,
1293 459 1574 512 euangelium
1604 459 1738 499 iuxta
1762 458 1880 498 Mat-

1076 515 1182 556 thaei
1233 517 1518 557 traditionem
1571 517 1614 557 in
1666 517 1879 557 Indorum

1078 573 1321 614 sermonem
1355 575 1583 621 conuertit,
1609 580 1653 615 et
1681 574 1880 614 latissime

1077 632 1348 685 praedicauit.
1423 632 1663 685 Quumque
1704 632 1882 685 prouin-

1079 692 1192 730 ciam
1231 690 1350 729 suam
1393 690 1507 730 bene
1547 697 1682 743 atque
1718 689 1883 730 Vtiliter

1079 748 1425 796 administrasset,
1472 748 1772 800 compluribus
1824 748 1880 787 ad

1080 806 1236 847 Christi
1289 806 1421 846 fidem
1475 806 1701 854 conuersis,
1744 805 1885 846 multa

1078 878 1158 917 pro
1178 864 1347 904 Christo
1367 864 1460 904 Iesu
1480 864 1689 917 supplicia
1707 864 1882 904 interim

1079 922 1234 975 passus,
1258 923 1299 961 in
1323 922 1585 962 Armeniam
1608 922 1738 962 venit.
1795 921 1884 961 Ibi-

1080 994 1165 1033 que
1199 979 1504 1020 Palemonium
1542 979 1734 1020 Albanae
1765 979 1884 1019 vrbis

1081 1051 1228 1090 regem
1259 1052 1358 1078 cum
1388 1039 1576 1090 coniuge
1606 1044 1649 1078 et
1681 1037 1756 1090 xij.
1780 1037 1885 1077 ciui-

1081 1096 1247 1136 tatibus
1289 1096 1344 1135 ad
1391 1096 1547 1136 Christi
1589 1095 1756 1136 cultum
1798 1100 1885 1135 tra-

1082 1154 1223 1194 duxit.
1287 1153 1524 1206 Multisque
1548 1153 1767 1193 miraculis
1795 1153 1887 1193 edi-

1082 1212 1137 1252 tis
1173 1212 1229 1251 ad
1266 1211 1533 1264 postremum
1571 1210 1597 1251 a
1635 1210 1886 1251 Palemonis

1083 1270 1215 1309 fratre
1240 1283 1247 1310 :
1272 1269 1543 1322 pontificum,
1568 1269 1642 1322 qui
1672 1269 1886 1309 daemoni-

1083 1328 1165 1367 bus
1188 1327 1444 1375 seruiebant,
1466 1327 1598 1376 suasu,
1618 1327 1885 1367 interficitur.

1083 1385 1197 1439 pelle
1227 1386 1346 1439 prius
1379 1383 1589 1433 detracta,
1615 1391 1663 1425 vt
1695 1385 1885 1425 atrocius

1084 1444 1358 1496 expenderet
1400 1443 1670 1496 supplicium.
1733 1442 1886 1495 Atque

1084 1502 1167 1541 hoc
1196 1501 1374 1554 quidem
1407 1500 1605 1553 martyrij
1636 1514 1795 1553 genere
1829 1500 1885 1540 ad

1085 1559 1246 1599 coelum
1276 1559 1448 1612 spiritus
1479 1560 1569 1599 eius
1600 1558 1794 1599 euolauit
1816 1558 1885 1598 .1Χ.

1085 1617 1292 1658 calendas
1347 1616 1631 1669 Septembris.
1715 1617 1886 1669 Corpus

1085 1682 1234 1715 autem
1273 1675 1437 1715 ibidem
1476 1675 1703 1715 conditum
1747 1674 1888 1713 multo

1085 1733 1181 1786 post
1202 1740 1402 1785 tempore
1425 1733 1480 1773 ad
1502 1732 1726 1785 Lyparam
1746 1732 1887 1771 11011130

1087 1791 1363 1831 adiacentem
1388 1790 1571 1830 insulam
1595 1790 1792 1830 delatum
1816 1789 1888 1830 est.

1089 1849 1199 1889 Inde
1233 1849 1538 1889 Beneuentum
1571 1848 1685 1888 circa
1721 1861 1888 1887 annum

1090 1906 1249 1947 Christi
1324 1905 1544 1958 Deccviij.
1612 1906 1889 1945 translatum.

1091 1965 1209 2006 Hinc
1228 1964 1377 2017 postea
1397 1965 1602 2011 Romam,
1619 1964 1693 2003 vbi
1711 1964 1888 2017 egregia

1087 2023 1239 2076 populi
1262 2022 1544 2063 veneratione
1566 2020 1733 2062 colitur.

1149 2134 1193 2178 (1
1216 2129 1466 2184 acplzerz'nns
1476 2138 1594 2184 papa
1614 2130 1825 2184 confcffn‘.

1324 2189 1469 2229 Lecho
1492 2187 1653 2230 tertiat

1092 2263 1411 2346 ZEpherinus
1468 2263 1611 2316 patria
1668 2276 1888 2310 romanus,

1189 2322 1262 2375 qui
1291 2321 1443 2362 Seueri
1473 2321 1750 2374 imperatoris
1778 2326 1890 2360 tem-

1088 2394 1193 2433 pore
1225 2378 1428 2432 pontifex
1461 2385 1634 2419 creatus
1666 2378 1738 2427 est,
1760 2378 1889 2418 rebus

1085 2438 1247 2478 diuinis
1270 2437 1410 2489 magis
1433 2450 1565 2489 quam
1594 2436 1799 2476 humanis
1826 2436 1890 2475 in-

1086 2502 1234 2536 tentus
1268 2510 1275 2535 :
1308 2494 1540 2540 constituit,
1570 2499 1617 2534 vt
1648 2493 1890 2534 astantibus

1087 2553 1252 2593 clericis
1271 2558 1315 2592 et
1332 2552 1453 2592 laicis
1471 2551 1673 2592 fidelibus
1692 2551 1889 2591 sacerdos

1087 2617 1130 2651 et
1153 2611 1288 2651 leuita
1317 2610 1604 2650 initiarentur.
1665 2609 1820 2662 Atque
1841 2615 1889 2649 vt

1086 2668 1352 2709 consecratio
1394 2668 1532 2707 diuini
1582 2667 1802 2720 sanguinis
1844 2666 1888 2706 in

1085 2727 1224 2766 vitreo
1242 2725 1340 2766 vase
1358 2739 1445 2765 non
1470 2725 1513 2764 in
1532 2724 1678 2778 ligneo
1693 2730 1741 2764 vt
1758 2730 1890 2764 antea

1089 2784 1229 2824 fieret.
1267 2783 1355 2824 Sed
1371 2782 1465 2822 haec
1480 2782 1691 2823 institutio
1710 2780 1735 2822 3
1750 2781 1890 2835 poste-

1157 2873 1171 2895 3
1196 2880 1234 2908 vt
1257 2885 1263 2908 ε
1284 2885 1351 2908 om.
1374 2874 1412 2907 P.

1158 2921 1171 2943 4
1197 2922 1256 2956 die
1276 2922 1319 2956 26
1337 2922 1378 2954 z'lz
1397 2931 1441 2954 m.
1499 2920 1549 2955 16.
1571 2921 1609 2955 P.
