1981 3248
788 147 1062 179 AUGUSTUS.

85 221 222 263 tasset.
267 222 357 264 Sed
381 237 480 264 cum
506 223 668 263 multos
693 223 889 264 sermone

86 287 129 320 et
148 282 356 333 exemplo
375 282 430 321 ad
446 281 578 321 fidem
598 281 889 329 conuertisset,

85 338 141 378 ad
160 338 375 391 templum
394 339 550 378 Martis
569 345 614 378 vt
634 338 890 379 sacrificaret

86 395 142 450 ab
158 395 406 436 infidelibus
422 394 673 445 εὔρει-εἰδὼς,
692 396 889 436 constan-

85 453 117 493 ti
141 453 288 493 animo
312 454 534 494 recusauit.
583 453 886 506 Quamobrem

85 511 230 563 capite
261 517 488 551 truncatus
521 511 592 559 est,
614 525 665 550 ac
695 511 888 563 sepultus

84 568 155 608 via
191 568 342 621 Appia
378 569 420 608 in
458 569 713 609 coemeterio
750 568 887 608 calisti

87 625 171 677 ,iiij
195 639 333 665 nonas
360 626 560 678 Augusti.
624 626 737 666 Cum
762 626 888 665 sedis—

86 681 146 722 set
207 697 344 723 annos
401 684 566 736 septem
620 683 787 723 menses
839 698 887 724 .v.

86 741 179 781 dies
202 741 257 794 .ij.

144 849 188 893 {1
225 845 398 887 Sam-‘2⁶22
427 846 593 886 stsarz‘ce
621 845 683 885 ad
710 845 830 885 niues

180 904 334 957 duplex
353 904 495 944 maius
516 904 579 943 ad
596 904 795 956 vesperas.

382 979 597 1031 Isymmm.

140 1052 243 1093 Aue
266 1052 397 1093 maris
420 1052 540 1092 stella
563 1050 663 1092 ete.¹

410 1141 571 1183 Oratio.

95 1219 284 1300 DEus,
323 1218 397 1270 qui
438 1216 697 1269 virginalem
740 1215 885 1256 aulam

211 1276 353 1315 beatae
405 1276 556 1315 mariee
608 1274 798 1327 virginis,
846 1274 889 1313 in

89 1347 177 1386 qua
218 1333 451 1380 habitares,
485 1332 645 1385 eligere
679 1332 889 1384 dignatus

90 1405 147 1439 es,
189 1392 247 1431 da
295 1390 554 1443 quaesumus,
596 1396 643 1429 vt
695 1389 767 1429 sua
809 1402 888 1428 nos

88 1448 336 1488 defensione
354 1448 558 1495 munitos,
575 1447 788 1487 iucundos
804 1446 888 1486 suae

89 1506 222 1546 facias
241 1505 437 1545 interesse
453 1504 864 1546 commemorationi
881 1519 889 1544 :

89 1564 163 1617 qui
185 1564 296 1603 vitiis
319 1569 399 1603 ete.

90 1658 134 1702 εἷ
158 1653 240 1694 Ad
258 1654 520 1694 matntz'mmz
550 1650 886 1694 z'nus'tatorz’2mz2.

150 1727 315 1770 Sancta
337 1728 476 1768 maria
498 1728 567 1768 dei
591 1727 785 1780 genitrix
806 1727 889 1767 vir-

90 1800 147 1840 go
169 1787 391 1827 intercede
413 1800 492 1839 pro
515 1786 653 1826 nobis,

382 1880 596 1931 Hymnus.

151 1954 190 1996 O
212 1953 398 2008 gloriosa
420 1955 611 1995 domina.
635 1960 714 1995 etc.

334 2044 478 2084 LeHio
509 2044 648 2085 teriia.

100 2117 314 2199 ROmae
347 2118 498 2158 liberio
530 2117 737 2171 pontifice
769 2124 892 2158 ante-

218 2189 350 2228 quam
387 2176 522 2216 vllum
566 2176 608 2215 in
642 2176 747 2216 vrbe
781 2182 891 2215 tem-

93 2233 216 2286 plum
268 2233 448 2285 virginis
501 2233 652 2273 matris
714 2234 893 2273 nomine

94 2289 368 2330 dedicatum3
401 2291 515 2339 esset,
542 2291 732 2330 Ioannes
758 2291 894 2343 patri-

96 2349 187 2388 cius
222 2361 428 2387 romanus
463 2362 634 2387 morum
668 2347 894 2388 honestate

96 2412 139 2445 et
167 2406 337 2458 generis
370 2405 614 2454 nobilitate,
637 2411 769 2458 atque
801 2406 894 2457 opi-

95 2463 176 2503 bus
238 2462 458 2515 praestans,
510 2463 577 2502 cui
639 2477 752 2503 vxor
802 2469 894 2502 erat

98 2520 292 2560 moribus
339 2526 382 2560 et
434 2520 685 2561 conditione
737 2520 895 2568 similis,

96 2591 196 2617 cum
226 2577 460 2617 orbitatem
486 2578 673 2617 filiorum
698 2578 897 2617 dolenter

97 2635 238 2683 ferret,
264 2649 343 2675 nec
366 2636 440 2675 diu
468 2636 682 2688 cogitanti
712 2636 896 2675 idoneus

97 2693 323 2745 quisquam
357 2699 610 2741 occurreret,
639 2706 770 2745 quem
804 2693 896 2732 sua-

98 2764 192 2789 rum
216 2763 349 2802 opum
373 2750 593 2790 haeredem
621 2751 897 2802 relinqueret,

98 2808 342 2860 eademque
369 2807 597 2848 solicitudo
627 2822 811 2848 onrem
836 2807 896 2847 sa-

247 2909 256 2929 ¹
284 2915 351 2943 cie.
378 2921 384 2943 :
404 2921 470 2943 (ml.
493 2910 530 2943 P.
583 2909 641 2943 foi.
663 2909 722 2942 vlt.
750 2908 856 2942 mdd.
877 2908 917 2942 A.

1683 144 1757 186 145

959 224 1129 277 tigaret,
1170 224 1303 264 ambo
1345 224 1516 264 assiduis
1557 225 1759 277 precibus

959 295 985 321 a
1008 283 1138 322 beata
1160 283 1327 333 virgine
1351 282 1492 321 Maria
1518 283 1758 322 contende-

959 339 1079 387 bant,
1113 345 1159 379 vt
1191 339 1259 379 vel
1293 339 1333 379 se
1365 339 1497 392 prolis
1529 346 1758 392 compotes

959 397 1159 445 efficeret,
1202 396 1270 437 vel
1313 410 1444 449 quem
1493 397 1758 449 potissimum

957 454 1178 497 haeredem
1212 454 1434 494 instituere
1468 455 1758 494 commodissi-

959 525 1093 561 mum,
1147 518 1190 551 et
1247 511 1586 552 honestissimum
1643 512 1758 559 esset,

958 569 1182 609 indicaret.
1245 569 1446 609 Exorata
1490 569 1623 622 igitur
1672 569 1757 622 pijs

958 627 1160 679 precibus
1183 627 1401 666 mitissima
1427 627 1604 679 virgine,
1629 625 1758 667 no&e

958 698 1173 724 nonarum
1207 685 1395 737 Augusti
1433 698 1519 737 quo
1557 690 1757 737 tempore

958 742 1096 782 solent
1132 742 1284 782 vrbem
1318 742 1453 782 aestiui
1490 742 1655 782 calores
1693 743 1758 782 in-

958 799 1122 847 festare,
1156 813 1255 852 pars
1290 801 1381 839 eius
1424 800 1587 840 montis
1627 800 1755 848 vrbis,

958 858 1031 909 qui
1088 858 1248 897 dicitur
1300 857 1517 910 Esquiliae,
1568 857 1757 910 plurima

958 916 1059 955 niue
1087 915 1312 968 conspersa
1343 915 1414 963 est,
1437 915 1520 955 deo
1543 914 1758 955 voluntati

959 973 1111 1012 matris
1181 978 1414 1013 annuente.
1497 973 1758 1025 Eademque

958 1029 1089 1071 noete
1127 1031 1284 1070 Ioanni
1318 1030 1493 1083 eiusque
1533 1031 1660 1070 vxori
1698 1030 1757 1070 se-

958 1088 1100 1128 orsum
1124 1088 1246 1141 virgo
1270 1094 1410 1128 mater
1427 1088 1514 1128 visa
1531 1088 1590 1128 est
1610 1089 1757 1128 niuem

958 1146 1183 1186 demissam
1200 1145 1367 1195 referre,
1383 1146 1579 1198 ipsosque
1597 1146 1757 1194 iubere,

957 1210 1004 1244 vt
1036 1204 1079 1243 in
1113 1218 1164 1244 eo
1207 1203 1315 1252 loco,
1347 1217 1479 1257 quem
1514 1204 1593 1243 nix
1631 1217 1757 1243 occu-

958 1261 1106 1313 passet,
1138 1261 1354 1314 templum
1398 1261 1479 1301 suis
1514 1261 1758 1314 sumptibus

957 1319 1239 1367 aedfficarent,
1260 1319 1378 1371 quod
1402 1319 1580 1359 nomine
1603 1319 1757 1358 Mariae

957 1377 1136 1429 virginis
1169 1378 1400 1424 dicaretur,
1422 1390 1521 1429 quae
1553 1376 1609 1416 ad
1641 1376 1757 1416 hunc

959 1435 1140 1474 modum
1188 1434 1321 1474 vellet
1371 1434 1510 1474 haeres
1561 1434 1617 1474 ab
1659 1433 1757 1486 ipsis

957 1492 1152 1545 relinqui.
1216 1492 1348 1531 Hanc
1397 1491 1603 1532 visionem
1655 1505 1756 1532 cum

959 1549 1149 1590 Ioannes
1173 1550 1229 1589 ad
1255 1549 1479 1589 Liberium
1502 1548 1755 1602 pontificem

958 1607 1177 1655 retulisset,
1200 1608 1317 1647 idem
1343 1607 1417 1647 sibi
1450 1607 1586 1647 visum
1619 1607 1758 1646 conti-

957 1665 1060 1717 gisse
1076 1665 1278 1718 pontifex
1295 1665 1563 1713 asseuerauit,
1581 1664 1756 1704 eadem-

958 1736 1043 1775 que
1077 1723 1284 1762 nunciata
1320 1728 1363 1762 et
1397 1722 1624 1775 imperata,
1658 1735 1758 1774 pro-

958 1781 1060 1820 inde
1075 1781 1243 1820 monita
1258 1781 1408 1820 diuina
1423 1793 1509 1819 non
1525 1780 1607 1819 esse
1622 1779 1759 1832 negli-

958 1839 1114 1891 genda.
1140 1838 1251 1879 Cum
1263 1837 1758 1890 magnaigituretsolen-

959 1896 1001 1934 ni
1018 1909 1183 1948 pompa
1200 1896 1255 1935 ad
1272 1895 1416 1935 locum
1435 1894 1758 1948 niuispontifex

960 1966 1059 1993 cum
1092 1953 1307 2006 frequenti
1344 1952 1509 2006 populo
1550 1953 1759 2005 processit,

960 2018 1003 2050 et
1019 2011 1163 2050 locum
1182 2010 1349 2063 templo
1367 2010 1622 2063 designauit,
1639 2010 1758 2062 quod

960 2068 1133 2108 illorum
1176 2082 1287 2121 quos
1324 2069 1522 2108 diximus
1556 2067 1759 2119 impensis

962 2125 1194 2178 magnifice
1247 2123 1539 2166 construetum
1601 2123 1759 2164 sanctae

963 2183 1115 2222 Mariae
1139 2183 1314 2222 maioris
1338 2188 1627 2235 nuncupatur.

963 2346 1007 2390 11
1043 2341 1391 2394 Transfiguralio
1419 2340 1588 2380 donzini
1612 2339 1766 2394 duplex

1137 2399 1281 2438 maius
1300 2399 1362 2438 ad
1380 2398 1578 2450 vesperas

1252 2489 1466 2541 fsymmts.

967 2576 1037 2656 s*
1054 2576 1186 2616 Aude
1216 2581 1356 2615 mater
1385 2574 1562 2626 pietatis
1586 2574 1628 2613 in
1651 2572 1764 2614 valle

999 2626 1045 2659 J
1071 2633 1342 2685 gementium
1368 2632 1450 2671 Pro
1478 2633 1639 2672 ducatu
1669 2631 1764 2684 dig-

967 2691 1115 2731 nitatis
1161 2690 1315 2731 Christi
1364 2690 1476 2742 regis
1523 2689 1719 2729 omnium
1757 2702 1764 2728 :

969 2749 1069 2800 Quo
1102 2748 1262 2787 dilecta
1301 2748 1559 2799 prsedotaris
1598 2747 1639 2786 in
1678 2746 1766 2786 cul·

969 2808 1085 2846 mine
1108 2806 1338 2845 montium.

1120 2906 1132 2927 ²
1159 2907 1219 2941 die
1239 2907 1271 2940 ,6
1289 2908 1328 2940 ise
1349 2918 1393 2940 m,
1449 2914 1464 2950 5
1491 2919 1496 2939 1
1519 2908 1555 2941 P.
1572 2907 1614 2940 Λ.

731 2955 743 2975 3
771 2956 935 2989 dicatum
959 2966 964 2988 :
990 2955 1029 2988 Ρ
1050 2955 1085 2987 Ρ.
1104 2954 1145 2987 Α.

219 3024 253 3054 Γ».
279 3023 321 3053 Ν.

1609 3022 1657 3049 IO
