1981 3248
585 146 837 177 DOAHNJCA
871 146 1323 177 RESURRECTIONJS.
1742 142 1794 184 59

127 227 171 272 (l
199 223 440 265 Secundum
468 222 725 264 Mattheum.
786 222 931 263 Lario

414 281 603 333 secunda
611 279 633 322 ¹.

126 366 390 448 VEspere.
419 371 589 431 autem·
611 364 780 405 sabbati
830 378 929 430 quae

237 424 413 464 lucescit
448 437 491 463 m
525 436 669 476 prima
702 422 925 463 sabbati...

123 481 256 579 xcflsffiue
297 482 353 522 ad
397 480 823 521 consummationem
870 480 930 520 se-

126 668 170 712 {l
210 664 359 705 Sermo
389 663 538 716 sanavi
570 663 812 716 Augustini
847 661 929 716 cpi-

306 722 433 774 stopz'.
493 722 638 762 Leasiz'o
660 721 734 775 λ’ζί.

209 806 355 846 Ascha
390 805 545 847 Christi
583 806 737 846 fratres
771 805 929 846 charis-

227 863 319 904 fimi
351 878 534 916 regnum
574 864 634 904 est
671 863 878 904 caelorum
919 879 927 905 :

126 921 237 962 salus
253 921 930 974 mundi‚occasusinferni,gloria.

126 979 421 1032 supernorum,
443 980 534 1020 vita
556 980 841 1027 credentium,
865 993 928 1019 re-

126 1035 331 1077 surrectio
390 1043 677 1087 mortuorum,
736 1037 929 1077 testimo-

127 1095 248 1134 nium
259 1095 545 1135 miserationis
560 1095 721 1135 diuinae
734 1095 927 1147 precium

128 1152 444 1205 redemptionis
480 1152 687 1192 humanae
722 1153 928 1192 contritio

128 1211 281 1251 mortis
318 1210 506 1251 abolitae.
570 1210 682 1263 Quae
718 1209 927 1250 sestiuitas

129 1268 199 1308 dei
232 1268 349 1308 sacra
382 1268 594 1321 mysteria,
629 1274 672 1308 et
704 1268 929 1320 incognita

129 1325 410 1373 sacramenta,
443 1327 651 1365 virtutem
694 1326 929 1365 dominicae

128 1381 451 1423 resurrerfitionis
488 1397 565 1436 per
601 1382 781 1435 angelos
819 1383 930 1423 indi-

129 1447 200 1481 cat
251 1454 259 1482 :
308 1454 386 1494 per
433 1440 620 1493 populos
670 1440 928 1480 manifestat.

133 1499 245 1538 Haec
281 1512 385 1551 ergo
427 1498 486 1538 est
528 1499 620 1538 dies
658 1496 930 1547 dileetisfimi,

130 1570 264 1609 quam
295 1556 396 1596 fecit
425 1556 643 1603 dominus,
665 1561 712 1595 vt
740 1555 929 1604 audistis,

129 1613 338 1654 excelslor
367 1612 546 1661 cunffitis,
569 1613 738 1653 dulcior
758 1614 930 1653 vniuer-

130 1672 180 1711 slS
211 1687 218 1711 z
248 1672 291 1710 in
314 1685 400 1724 qua
423 1672 628 1711 dominus
659 1671 892 1711 resurrexit
922 1686 930 1711 :

129 1731 172 1769 in
196 1743 283 1782 qua
304 1742 466 1768 nouam
489 1728 563 1768 fibi
586 1728 833 1781 plebem‚vt
856 1728 930 1781 ipsl

129 1787 300 1835 videtis,
324 1787 620 1839 generationis
649 1786 797 1838 spiritu
829 1799 931 1826 con-

131 1844 364 1898 quisluit‚in
380 1858 466 1897 qua
481 1843 744 1896 singulorum
761 1850 931 1884 mentes

130 1903 303 1955 gaudiO,
339 1908 382 1942 et
413 1901 689 1942 exultatione
723 1901 927 1954 perfudit.

131 1960 204 2001 Sic
219 1973 322 2012 ergo
331 1959 423 1999 dies
439 1957 758 1999 resurresfflonis
775 1959 930 2000 Christi

131 2015 348 2057 desun&is
384 2018 486 2065 vita,
518 2017 823 2070 peccatoribus
859 2030 930 2056 ve-

132 2076 226 2115 nia:
242 2073 398 2115 sanffis
417 2075 475 2115 est
492 2075 642 2128 gloria.
686 2074 732 2115 Si
750 2074 929 2127 quidem

132 2133 386 2186 operatione
427 2133 639 2172 virtutum
685 2132 830 2172 eleuat
876 2132 930 2172 de

132 2191 229 2230 imis
254 2206 262 2230 ι
287 2190 459 2230 suscitat
481 2190 536 2229 de
561 2190 743 2229 terrenis
767 2204 774 2229 :
797 2188 932 2229 collo-

133 2255 204 2288 cat
227 2248 269 2287 in
289 2247 468 2287 excelsis
491 2247 745 2287 :confirmat
768 2247 899 2287 iustos
924 2261 931 2286 :

131 2306 277 2345 firmat
305 2306 462 2345 dubios
491 2319 497 2344 :
524 2305 707 2344 damnat
733 2304 931 2344 incredu-

133 2363 211 2403 los.
273 2363 349 2403 Ad
380 2362 462 2402 hoc
493 2363 609 2402 enim
639 2363 844 2402 dominus
867 2376 931 2401 re-

132 2421 317 2460 surrexit
340 2436 347 2460 :
370 2426 417 2460 vt
434 2421 673 2472 imaginem
694 2419 849 2459 futurae
868 2433 932 2459 re-

133 2476 405 2518 surreftionis
428 2477 683 2518 ostenderet.
745 2477 804 2517 Et
833 2477 932 2516 ideo

133 2536 264 2575 hodie
294 2536 348 2575 ad
379 2535 511 2575 vitale
542 2535 765 2574 lauacrum
799 2534 932 2574 resur-

132 2607 240 2646 gens
282 2593 351 2633 dei
394 2592 593 2645 populus,
630 2592 760 2632 instar
800 2592 933 2632 resur-

133 2650 336 2691 reffitionis
353 2650 571 2690 ecclesiam
589 2650 776 2689 nostram
793 2649 933 2702 splen-

133 2709 239 2748 dore
281 2709 408 2747 niueo
451 2707 680 2747 illuminat.
757 2707 933 2747 Gratias

134 2766 217 2805 deo
241 2765 383 2805 nostro
407 2779 535 2816 agere
566 2765 790 2814 debemus,
814 2765 932 2817 quod

135 2823 239 2863 dum
264 2821 396 2863 samffi
427 2823 596 2876 paschae
627 2822 932 2862 solennitatem

332 2936 341 2957 ¹
372 2937 434 2970 Ca.
457 2937 498 2970 28
521 2937 562 2969 R.
587 2937 623 2970 Ρ.
646 2936 687 2969 Α.
708 2934 845 2981 [xxviii.
871 2934 1010 2979 1—20]

994 223 1179 263 colimus
1223 238 1230 263 :
1275 223 1432 262 futurae
1476 222 1795 265 resurrefflonis

995 280 1181 333 speciem
1227 280 1314 320 iam
1357 281 1567 321 videmus.
1641 283 1795 322 Resur-

994 336 1213 378 recfturum
1238 337 1297 377 est
1326 338 1443 377 enim
1472 351 1611 390 genus
1640 339 1794 380 huma-

994 409 1100 435 num
1151 395 1193 435 in
1244 395 1372 435 seculi
1418 395 1795 437 consummatione

994 453 1089 505 post
1121 459 1309 493 mortem
1347 467 1355 494 :
1390 467 1506 492 nunc
1539 453 1719 507 resurgit
1751 455 1795 495 in

995 510 1224 563 baptismo.

1052 568 1147 607 Hoc
1184 567 1262 616 die,
1298 575 1338 608 et
1365 568 1638 621 sequentibus
1673 569 1798 622 zfijue

993 625 1056 665 ad
1085 625 1322 666 Sabbatum
1354 633 1454 666 ante
1482 626 1712 667 orzilionem
1750 627 1795 667 2'72

993 683 1189 723 omnibus
1215 683 1334 723 lteris
1361 683 1523 723 dicitnr
1550 685 1662 724 Haec
1691 685 1795 733 dies,

994 755 1127 794 quam
1161 741 1264 781 secit
1296 742 1513 789 dominus
1544 741 1796 783 exultemus

994 805 1038 839 et
1068 798 1270 839 laetemur
1297 800 1340 839 in
1372 813 1434 840 ea.
1499 799 1691 840 Domine
1718 815 1795 840 ex-

995 857 1098 897 audi
1122 862 1203 898 ete.

1317 975 1479 1017 Oratio.

1002 1055 1193 1137 DEus,
1234 1055 1307 1108 qui
1350 1056 1563 1096 hodierna
1604 1057 1675 1097 die
1721 1071 1799 1109 per

1106 1114 1382 1166 vnigenitum
1399 1120 1523 1154 tuum
1539 1115 1797 1155 aeternitatis

995 1171 1123 1211 nobis
1153 1172 1322 1212 aditum
1353 1170 1528 1212 deui&a
1558 1179 1699 1212 morte
1733 1187 1796 1212 re-

995 1228 1137 1269 serasti
1166 1235 1271 1269 vota
1300 1229 1443 1269 nostra
1477 1246 1485 1270 :
1513 1244 1611 1282 quae
1647 1244 1798 1283 preue-

995 1287 1156 1326 niendo
1179 1287 1340 1339 aspiras
1360 1303 1367 1327 :
1390 1288 1523 1327 etiam
1542 1288 1797 1328 adiuuando

995 1344 1254 1397 prosequere
1278 1360 1285 1384 :
1307 1358 1386 1398 per
1407 1346 1609 1386 eundem.

1078 1472 1123 1517 ΕΪ
1146 1469 1228 1510 Ad
1244 1469 1440 1522 vesperas,

1503 1471 1717 1523 hymnus.

996 1554 1100 1634 AD
1135 1568 1307 1594 coenam
1343 1556 1456 1608 agni,
1489 1557 1661 1609 prouidi
1696 1573 1703 1597 :
1739 1557 1798 1598 Et

1115 1611 1232 1652 stolis
1274 1613 1384 1653 albis
1426 1615 1602 1654 candidi
1648 1628 1656 1655 :
1700 1615 1798 1655 Post

995 1669 1222 1709 transitum
1246 1671 1376 1710 maris
1399 1672 1515 1711 rubri
1541 1672 1709 1713 Christo
1727 1687 1796 1713 ca-

997 1740 1154 1766 namus
1176 1728 1373 1781 principi.

1057 1785 1191 1825 Cuius
1217 1799 1375 1838 corpus
1406 1785 1710 1828 ffinffifisfimum
1744 1789 1796 1829 In

997 1856 1071 1882 ara
1094 1843 1231 1882 crucis
1249 1844 1462 1884 torridum
1489 1859 1496 1885 :
1522 1845 1685 1886 Cruore
1706 1847 1797 1886 eius

997 1899 1117 1940 roseo
1141 1900 1367 1941 Gustando
1389 1903 1578 1943 viuimus
1600 1904 1695 1944 deo.

1057 1956 1246 1998 Protecffi
1268 1959 1439 2012 paschae
1461 1961 1637 2013 vespere
1659 1961 1703 2001 A
1722 1962 1797 2002 de-

998 2015 1197 2056 uastante
1226 2017 1386 2069 angelo
1416 2033 1423 2057 :
1454 2018 1607 2072 Erepti
1637 2019 1692 2059 de
1718 2020 1797 2060 du-

998 2074 1155 2113 risfimo
1180 2074 1418 2115 Pharaonis
1442 2076 1637 2128 imperio.

1057 2131 1152 2170 Iam
1185 2132 1344 2184 pascha
1376 2133 1568 2173 nostrum
1604 2134 1796 2175 Christus

998 2188 1068 2237 est,
1105 2188 1192 2241 Qui
1227 2189 1481 2230 immolatus
1515 2205 1655 2244 agnus
1692 2192 1751 2232 est
1790 2208 1797 2232 :

999 2246 1272 2287 Sinceritatis
1295 2248 1437 2287 azima.
1460 2248 1574 2289 Caro
1600 2250 1692 2290 eius
1721 2250 1797 2290 ob-

997 2302 1086 2343 lata
1108 2303 1178 2344 est.

1058 2361 1096 2402 O
1120 2375 1219 2401 vere
1242 2362 1377 2414 digna
1398 2362 1535 2403 hostia
1559 2365 1639 2404 Per
1664 2378 1796 2418 quam

998 2416 1135 2458 fracta
1171 2419 1268 2458 sunt
1305 2426 1467 2460 tartara
1499 2437 1507 2461 :
1547 2421 1799 2475 Redempta

999 2475 1124 2528 plebs
1161 2477 1386 2529 captiuata
1423 2493 1430 2517 :
1470 2479 1664 2520 Reddita
1695 2482 1797 2521 vitae

999 2547 1178 2586 premia.

1059 2590 1171 2631 Cum
1209 2591 1342 2644 surgit
1380 2592 1573 2634 Christus
1615 2594 1799 2644 tumulo,

998 2647 1153 2688 Victor
1186 2650 1298 2689 redit
1331 2651 1387 2690 de
1424 2651 1630 2692 barathro
1666 2667 1673 2692 :
1707 2653 1798 2705 Ty-

1000 2719 1185 2746 rannum
1218 2707 1397 2748 trudens
1430 2709 1615 2758 vinculo,
1644 2711 1702 2750 Et
1735 2725 1798 2750 re-

1001 2763 1143 2803 serans
1166 2765 1422 2816 paradisum.

1060 2821 1209 2862 Gloria
1231 2823 1308 2862 tibi
1332 2823 1511 2864 domine
1536 2823 1620 2876 Qui
1646 2823 1743 2867 sur.²

1247 2937 1260 2958 2
1286 2936 1338 2981 [vt
1359 2949 1469 2982 supra
1488 2950 1520 2984 p.
1543 2938 1612 2984 58]
